%YAML 1.1
%TAG !u! tag:unity3d.com,2011:
--- !u!1001 &100100000
Prefab:
  m_ObjectHideFlags: 1
  serializedVersion: 2
  m_Modification:
    m_TransformParent: {fileID: 0}
    m_Modifications: []
    m_RemovedComponents: []
  m_SourcePrefab: {fileID: 0}
  m_RootGameObject: {fileID: 1069269611827376}
  m_IsPrefabAsset: 1
--- !u!1 &1069269611827376
GameObject:
  m_ObjectHideFlags: 0
  m_CorrespondingSourceObject: {fileID: 0}
  m_PrefabInternal: {fileID: 100100000}
  serializedVersion: 6
  m_Component:
  - component: {fileID: 4987935912511056}
  - component: {fileID: 114068765796037472}
  - component: {fileID: 114289307990301684}
  - component: {fileID: 114625067439974472}
  - component: {fileID: 114936151878381186}
  m_Layer: 0
  m_Name: MatchSystem
  m_TagString: Untagged
  m_Icon: {fileID: 0}
  m_NavMeshLayer: 0
  m_StaticEditorFlags: 0
  m_IsActive: 1
--- !u!4 &4987935912511056
Transform:
  m_ObjectHideFlags: 1
  m_CorrespondingSourceObject: {fileID: 0}
  m_PrefabInternal: {fileID: 100100000}
  m_GameObject: {fileID: 1069269611827376}
  m_LocalRotation: {x: 0, y: 0, z: 0, w: 1}
  m_LocalPosition: {x: 0, y: 0, z: 0}
  m_LocalScale: {x: 1, y: 1, z: 1}
  m_Children: []
  m_Father: {fileID: 0}
  m_RootOrder: 0
  m_LocalEulerAnglesHint: {x: 0, y: 0, z: 0}
--- !u!114 &114068765796037472
MonoBehaviour:
  m_ObjectHideFlags: 1
  m_CorrespondingSourceObject: {fileID: 0}
  m_PrefabInternal: {fileID: 100100000}
  m_GameObject: {fileID: 1069269611827376}
  m_Enabled: 1
  m_EditorHideFlags: 0
  m_Script: {fileID: 11500000, guid: fc9e0737cb7caa54f96667ec3610feae, type: 3}
  m_Name: 
  m_EditorClassIdentifier: 
  _minMatchLength: 3
  _matchImpact: -1
  _matchTimeout: 0.13
  _specialMatches:
  - ChipCount: 4
    SpecialChip: {fileID: 114994782294858818, guid: 34b5b3fb442c3364e94c7520ff612e8d,
      type: 2}
  - ChipCount: 5
    SpecialChip: {fileID: 114994782294858818, guid: 4b8988f493cd92d4cb0ae03d4557e297,
      type: 2}
  - ChipCount: 6
    SpecialChip: {fileID: 114994782294858818, guid: ab8494f044ed12e46819e9a9f64997ab,
      type: 2}
  - ChipCount: 7
    SpecialChip: {fileID: 114994782294858818, guid: 62a2f858d84e6cd42928cda77a282014,
      type: 2}
  _squareMatchesEnabled: 1
  _squareMatch:
    ChipCount: 4
    SpecialChip: {fileID: 114994782294858818, guid: 34b5b3fb442c3364e94c7520ff612e8d,
      type: 2}
--- !u!114 &114289307990301684
MonoBehaviour:
  m_ObjectHideFlags: 1
  m_CorrespondingSourceObject: {fileID: 0}
  m_PrefabInternal: {fileID: 100100000}
  m_GameObject: {fileID: 1069269611827376}
  m_Enabled: 1
  m_EditorHideFlags: 0
  m_Script: {fileID: 11500000, guid: 89a70c0296f58cc4f954276d2ada25d3, type: 3}
  m_Name: 
  m_EditorClassIdentifier: 
  _movingTime: 0.3
  _cellReleaseDelay: 0.2
  _chipMaterial: {fileID: 2100000, guid: 546510125ce6a0a4fb5e8b0da2de7003, type: 2}
  _flashingEasing:
    serializedVersion: 2
    m_Curve:
    - serializedVersion: 3
      time: 0.4
      value: 0
      inSlope: 1
      outSlope: 1
      tangentMode: 0
      weightedMode: 0
      inWeight: 0.33333334
      outWeight: 0.33333334
    - serializedVersion: 3
      time: 0.8
      value: 1
      inSlope: 0.020227253
      outSlope: 0.020227253
      tangentMode: 0
      weightedMode: 0
      inWeight: 0.33333334
      outWeight: 0.33333334
    m_PreInfinity: 2
    m_PostInfinity: 2
    m_RotationOrder: 0
  _movingEasing:
    _type: 3
    _curve:
      serializedVersion: 2
      m_Curve: []
      m_PreInfinity: 2
      m_PostInfinity: 2
      m_RotationOrder: 4
  _matchEffect: {fileID: 1823915644962254, guid: 4c330f2d75787ac4899207e9553bfbee,
    type: 2}
  _specialChipSortingLayer: 892913979
  _specialChipTrigger: OnSpecialChipCreated
  _specialChipExitState: SpecialChipCreation
  _chipReplaceTime: 0.3
--- !u!114 &114625067439974472
MonoBehaviour:
  m_ObjectHideFlags: 1
  m_CorrespondingSourceObject: {fileID: 0}
  m_PrefabInternal: {fileID: 100100000}
  m_GameObject: {fileID: 1069269611827376}
  m_Enabled: 1
  m_EditorHideFlags: 0
  m_Script: {fileID: 11500000, guid: c979ba42367575c4d89b1680c03708fa, type: 3}
  m_Name: 
  m_EditorClassIdentifier: 
  _source: {fileID: 0}
  _playOnEnable: 0
  _destroyOnStop: 0
--- !u!114 &114936151878381186
MonoBehaviour:
  m_ObjectHideFlags: 1
  m_CorrespondingSourceObject: {fileID: 0}
  m_PrefabInternal: {fileID: 100100000}
  m_GameObject: {fileID: 1069269611827376}
  m_Enabled: 1
  m_EditorHideFlags: 0
  m_Script: {fileID: 11500000, guid: 90e68441e84875945b200353aa708113, type: 3}
  m_Name: 
  m_EditorClassIdentifier: 
  _audioSourceProvider: {fileID: 114696382445029736, guid: 140c0132f9bc8fa4ca9fd07cb241e849,
    type: 2}
