%YAML 1.1
%TAG !u! tag:unity3d.com,2011:
--- !u!1001 &100100000
Prefab:
  m_ObjectHideFlags: 1
  serializedVersion: 2
  m_Modification:
    m_TransformParent: {fileID: 0}
    m_Modifications: []
    m_RemovedComponents: []
  m_SourcePrefab: {fileID: 0}
  m_RootGameObject: {fileID: 1763029988455786}
  m_IsPrefabAsset: 1
--- !u!1 &1763029988455786
GameObject:
  m_ObjectHideFlags: 0
  m_CorrespondingSourceObject: {fileID: 0}
  m_PrefabInternal: {fileID: 100100000}
  serializedVersion: 6
  m_Component:
  - component: {fileID: 4045490248369294}
  - component: {fileID: 114690586628400616}
  - component: {fileID: 114403920837004956}
  - component: {fileID: 114295386536780992}
  - component: {fileID: 114305752899995028}
  - component: {fileID: 114886955306108502}
  m_Layer: 0
  m_Name: DonutBoxFlightPresenter
  m_TagString: Untagged
  m_Icon: {fileID: 0}
  m_NavMeshLayer: 0
  m_StaticEditorFlags: 0
  m_IsActive: 1
--- !u!4 &4045490248369294
Transform:
  m_ObjectHideFlags: 1
  m_CorrespondingSourceObject: {fileID: 0}
  m_PrefabInternal: {fileID: 100100000}
  m_GameObject: {fileID: 1763029988455786}
  m_LocalRotation: {x: 0, y: 0, z: 0, w: 1}
  m_LocalPosition: {x: 4.575053, y: 1.93, z: 0}
  m_LocalScale: {x: 1, y: 1, z: 1}
  m_Children: []
  m_Father: {fileID: 0}
  m_RootOrder: 0
  m_LocalEulerAnglesHint: {x: 0, y: 0, z: 0}
--- !u!114 &114295386536780992
MonoBehaviour:
  m_ObjectHideFlags: 1
  m_CorrespondingSourceObject: {fileID: 0}
  m_PrefabInternal: {fileID: 100100000}
  m_GameObject: {fileID: 1763029988455786}
  m_Enabled: 1
  m_EditorHideFlags: 0
  m_Script: {fileID: 11500000, guid: 0305ba71a49c48dc87a9dd52863063da, type: 3}
  m_Name: 
  m_EditorClassIdentifier: 
  _sortingLayer: -407902337
  _flightTriggerName: OnSpawnFlight
--- !u!114 &114305752899995028
MonoBehaviour:
  m_ObjectHideFlags: 1
  m_CorrespondingSourceObject: {fileID: 0}
  m_PrefabInternal: {fileID: 100100000}
  m_GameObject: {fileID: 1763029988455786}
  m_Enabled: 1
  m_EditorHideFlags: 0
  m_Script: {fileID: 11500000, guid: 18395aa0890e4580999be98d510ea0d1, type: 3}
  m_Name: 
  m_EditorClassIdentifier: 
  _targets:
  - {fileID: 1645635379698990, guid: 186877f24e1cadd428ffae8a245a6e39, type: 2}
  _playTime: 0.9
--- !u!114 &114403920837004956
MonoBehaviour:
  m_ObjectHideFlags: 1
  m_CorrespondingSourceObject: {fileID: 0}
  m_PrefabInternal: {fileID: 100100000}
  m_GameObject: {fileID: 1763029988455786}
  m_Enabled: 1
  m_EditorHideFlags: 0
  m_Script: {fileID: 11500000, guid: d66e62ddd7c3f5d4ab7753975a6be25b, type: 3}
  m_Name: 
  m_EditorClassIdentifier: 
  _time: 1.2
  _speed: 0
  _easing:
    _type: 38
    _curve:
      serializedVersion: 2
      m_Curve:
      - serializedVersion: 3
        time: 0
        value: 0
        inSlope: 0.21049525
        outSlope: 0.21049525
        tangentMode: 0
        weightedMode: 0
        inWeight: 0.33333334
        outWeight: 0.33333334
      - serializedVersion: 3
        time: 0.5965099
        value: 0.8069662
        inSlope: 1.4445009
        outSlope: 1.4445009
        tangentMode: 0
        weightedMode: 0
        inWeight: 0.33333334
        outWeight: 0.33333334
      - serializedVersion: 3
        time: 1
        value: 1
        inSlope: 0
        outSlope: 0
        tangentMode: 0
        weightedMode: 0
        inWeight: 0.33333334
        outWeight: 0.33333334
      m_PreInfinity: 2
      m_PostInfinity: 2
      m_RotationOrder: 0
  _isOrientedByPath: 0
  _hatControlPointAmplitude: 5
  _chipControlPointAmplitude: 5
  _chipControlPointRoundingAngle: 90
  _switchControlPoints: 0
--- !u!114 &114690586628400616
MonoBehaviour:
  m_ObjectHideFlags: 1
  m_CorrespondingSourceObject: {fileID: 0}
  m_PrefabInternal: {fileID: 100100000}
  m_GameObject: {fileID: 1763029988455786}
  m_Enabled: 1
  m_EditorHideFlags: 0
  m_Script: {fileID: 11500000, guid: 006be2f62869d1c4caaef425c1f2c899, type: 3}
  m_Name: 
  m_EditorClassIdentifier: 
  _controllers:
  - {fileID: 114403920837004956}
--- !u!114 &114886955306108502
MonoBehaviour:
  m_ObjectHideFlags: 1
  m_CorrespondingSourceObject: {fileID: 0}
  m_PrefabInternal: {fileID: 100100000}
  m_GameObject: {fileID: 1763029988455786}
  m_Enabled: 1
  m_EditorHideFlags: 0
  m_Script: {fileID: 11500000, guid: 19f58a1e9a7c9194590bb863340cc46c, type: 3}
  m_Name: 
  m_EditorClassIdentifier: 
  _targets:
  - {fileID: 4045490248369294}
  _startLocalScale: {x: 1, y: 1, z: 1}
  _finishLocalScale: {x: 1, y: 1, z: 1}
  _curve:
    serializedVersion: 2
    m_Curve:
    - serializedVersion: 3
      time: 0
      value: 0.5
      inSlope: 0
      outSlope: 0
      tangentMode: 0
      weightedMode: 0
      inWeight: 0.33333334
      outWeight: 0.33333334
    - serializedVersion: 3
      time: 0.25
      value: 1
      inSlope: 0
      outSlope: 0
      tangentMode: 0
      weightedMode: 0
      inWeight: 0.33333334
      outWeight: 0.33333334
    - serializedVersion: 3
      time: 1
      value: 1
      inSlope: 0
      outSlope: 0
      tangentMode: 0
      weightedMode: 0
      inWeight: 0.33333334
      outWeight: 0.33333334
    m_PreInfinity: 2
    m_PostInfinity: 2
    m_RotationOrder: 4
