%YAML 1.1
%TAG !u! tag:unity3d.com,2011:
--- !u!1001 &100100000
Prefab:
  m_ObjectHideFlags: 1
  serializedVersion: 2
  m_Modification:
    m_TransformParent: {fileID: 0}
    m_Modifications: []
    m_RemovedComponents: []
  m_SourcePrefab: {fileID: 0}
  m_RootGameObject: {fileID: 1637971243817920}
  m_IsPrefabAsset: 1
--- !u!1 &1132378727433316
GameObject:
  m_ObjectHideFlags: 1
  m_CorrespondingSourceObject: {fileID: 0}
  m_PrefabInternal: {fileID: 100100000}
  serializedVersion: 6
  m_Component:
  - component: {fileID: 4191660854978900}
  - component: {fileID: 114551956048889332}
  m_Layer: 0
  m_Name: CharacterPosition
  m_TagString: Untagged
  m_Icon: {fileID: 0}
  m_NavMeshLayer: 0
  m_StaticEditorFlags: 0
  m_IsActive: 1
--- !u!1 &1180035266633146
GameObject:
  m_ObjectHideFlags: 1
  m_CorrespondingSourceObject: {fileID: 0}
  m_PrefabInternal: {fileID: 100100000}
  serializedVersion: 6
  m_Component:
  - component: {fileID: 4490756132576012}
  - component: {fileID: 114818931656758460}
  - component: {fileID: 33879875740824304}
  - component: {fileID: 23779849599619082}
  - component: {fileID: 114747885343870082}
  - component: {fileID: 95520990933448006}
  - component: {fileID: 114708112800634382}
  - component: {fileID: 114331364940012824}
  - component: {fileID: 210637255438998458}
  m_Layer: 0
  m_Name: Skin2
  m_TagString: Untagged
  m_Icon: {fileID: 0}
  m_NavMeshLayer: 0
  m_StaticEditorFlags: 0
  m_IsActive: 0
--- !u!1 &1342866556381392
GameObject:
  m_ObjectHideFlags: 0
  m_CorrespondingSourceObject: {fileID: 0}
  m_PrefabInternal: {fileID: 100100000}
  serializedVersion: 6
  m_Component:
  - component: {fileID: 4244979887602432}
  m_Layer: 0
  m_Name: GameObject
  m_TagString: Untagged
  m_Icon: {fileID: 0}
  m_NavMeshLayer: 0
  m_StaticEditorFlags: 0
  m_IsActive: 1
--- !u!1 &1637971243817920
GameObject:
  m_ObjectHideFlags: 0
  m_CorrespondingSourceObject: {fileID: 0}
  m_PrefabInternal: {fileID: 100100000}
  serializedVersion: 6
  m_Component:
  - component: {fileID: 4648700259899538}
  - component: {fileID: 114385291064827956}
  - component: {fileID: 114512775287593074}
  - component: {fileID: 210542854520336638}
  m_Layer: 0
  m_Name: Wall_Garden_John_Left
  m_TagString: Untagged
  m_Icon: {fileID: 0}
  m_NavMeshLayer: 0
  m_StaticEditorFlags: 0
  m_IsActive: 1
--- !u!1 &1656497936137474
GameObject:
  m_ObjectHideFlags: 1
  m_CorrespondingSourceObject: {fileID: 0}
  m_PrefabInternal: {fileID: 100100000}
  serializedVersion: 6
  m_Component:
  - component: {fileID: 4728520696031000}
  m_Layer: 0
  m_Name: Point_Camera_Position (1)
  m_TagString: Untagged
  m_Icon: {fileID: 0}
  m_NavMeshLayer: 0
  m_StaticEditorFlags: 0
  m_IsActive: 1
--- !u!1 &1722249624573866
GameObject:
  m_ObjectHideFlags: 0
  m_CorrespondingSourceObject: {fileID: 0}
  m_PrefabInternal: {fileID: 100100000}
  serializedVersion: 6
  m_Component:
  - component: {fileID: 4694427262978610}
  - component: {fileID: 114094648701434580}
  - component: {fileID: 114101314282136390}
  - component: {fileID: 114333188255543696}
  - component: {fileID: 60042705839320980}
  - component: {fileID: 114480523734916666}
  m_Layer: 8
  m_Name: Presenter
  m_TagString: Untagged
  m_Icon: {fileID: 0}
  m_NavMeshLayer: 0
  m_StaticEditorFlags: 0
  m_IsActive: 1
--- !u!1 &1730872868680764
GameObject:
  m_ObjectHideFlags: 1
  m_CorrespondingSourceObject: {fileID: 0}
  m_PrefabInternal: {fileID: 100100000}
  serializedVersion: 6
  m_Component:
  - component: {fileID: 4887095987797696}
  m_Layer: 0
  m_Name: CharacterLook
  m_TagString: Untagged
  m_Icon: {fileID: 0}
  m_NavMeshLayer: 0
  m_StaticEditorFlags: 0
  m_IsActive: 1
--- !u!1 &1732706947855062
GameObject:
  m_ObjectHideFlags: 1
  m_CorrespondingSourceObject: {fileID: 0}
  m_PrefabInternal: {fileID: 100100000}
  serializedVersion: 6
  m_Component:
  - component: {fileID: 4857804878513990}
  m_Layer: 8
  m_Name: OverviewIndicator
  m_TagString: Untagged
  m_Icon: {fileID: 0}
  m_NavMeshLayer: 0
  m_StaticEditorFlags: 0
  m_IsActive: 1
--- !u!1 &1778260809631032
GameObject:
  m_ObjectHideFlags: 1
  m_CorrespondingSourceObject: {fileID: 0}
  m_PrefabInternal: {fileID: 100100000}
  serializedVersion: 6
  m_Component:
  - component: {fileID: 4704893356340676}
  - component: {fileID: 114935690844213314}
  - component: {fileID: 33175498401599586}
  - component: {fileID: 23496675969975876}
  - component: {fileID: 114035062953240526}
  - component: {fileID: 95652826917129208}
  - component: {fileID: 114297522974096290}
  - component: {fileID: 114574977411305520}
  - component: {fileID: 210768320568787426}
  m_Layer: 0
  m_Name: Skin3
  m_TagString: Untagged
  m_Icon: {fileID: 0}
  m_NavMeshLayer: 0
  m_StaticEditorFlags: 0
  m_IsActive: 0
--- !u!1 &1780144712211040
GameObject:
  m_ObjectHideFlags: 1
  m_CorrespondingSourceObject: {fileID: 0}
  m_PrefabInternal: {fileID: 100100000}
  serializedVersion: 6
  m_Component:
  - component: {fileID: 4505814405447458}
  - component: {fileID: 114326953059514296}
  - component: {fileID: 33729813193817704}
  - component: {fileID: 23376509886534080}
  - component: {fileID: 114076823708888558}
  - component: {fileID: 95668903582657778}
  - component: {fileID: 114161136738999668}
  - component: {fileID: 114058379364486520}
  - component: {fileID: 210347537836297628}
  m_Layer: 0
  m_Name: Skin1
  m_TagString: Untagged
  m_Icon: {fileID: 0}
  m_NavMeshLayer: 0
  m_StaticEditorFlags: 0
  m_IsActive: 1
--- !u!4 &4191660854978900
Transform:
  m_ObjectHideFlags: 1
  m_CorrespondingSourceObject: {fileID: 0}
  m_PrefabInternal: {fileID: 100100000}
  m_GameObject: {fileID: 1132378727433316}
  m_LocalRotation: {x: -0, y: -0, z: -0, w: 1}
  m_LocalPosition: {x: 13.8, y: 9.528, z: 0}
  m_LocalScale: {x: 0.71999997, y: 0.75, z: 1}
  m_Children: []
  m_Father: {fileID: 4694427262978610}
  m_RootOrder: 4
  m_LocalEulerAnglesHint: {x: 0, y: 0, z: 0}
--- !u!4 &4244979887602432
Transform:
  m_ObjectHideFlags: 1
  m_CorrespondingSourceObject: {fileID: 0}
  m_PrefabInternal: {fileID: 100100000}
  m_GameObject: {fileID: 1342866556381392}
  m_LocalRotation: {x: 0, y: 0, z: 0, w: 1}
  m_LocalPosition: {x: 0, y: 0, z: 0}
  m_LocalScale: {x: 1, y: 1, z: 1}
  m_Children: []
  m_Father: {fileID: 4648700259899538}
  m_RootOrder: 1
  m_LocalEulerAnglesHint: {x: 0, y: 0, z: 0}
--- !u!4 &4490756132576012
Transform:
  m_ObjectHideFlags: 1
  m_CorrespondingSourceObject: {fileID: 0}
  m_PrefabInternal: {fileID: 100100000}
  m_GameObject: {fileID: 1180035266633146}
  m_LocalRotation: {x: -0, y: -0, z: -0, w: 1}
  m_LocalPosition: {x: 0, y: 0, z: 0}
  m_LocalScale: {x: 1, y: 1, z: 1}
  m_Children: []
  m_Father: {fileID: 4694427262978610}
  m_RootOrder: 1
  m_LocalEulerAnglesHint: {x: 0, y: 0, z: 0}
--- !u!4 &4505814405447458
Transform:
  m_ObjectHideFlags: 1
  m_CorrespondingSourceObject: {fileID: 0}
  m_PrefabInternal: {fileID: 100100000}
  m_GameObject: {fileID: 1780144712211040}
  m_LocalRotation: {x: -0, y: -0, z: -0, w: 1}
  m_LocalPosition: {x: 0, y: 0, z: 0}
  m_LocalScale: {x: 1, y: 1, z: 1}
  m_Children: []
  m_Father: {fileID: 4694427262978610}
  m_RootOrder: 0
  m_LocalEulerAnglesHint: {x: 0, y: 0, z: 0}
--- !u!4 &4648700259899538
Transform:
  m_ObjectHideFlags: 1
  m_CorrespondingSourceObject: {fileID: 0}
  m_PrefabInternal: {fileID: 100100000}
  m_GameObject: {fileID: 1637971243817920}
  m_LocalRotation: {x: -0, y: -0, z: -0, w: 1}
  m_LocalPosition: {x: -22.79, y: -9.56, z: 0}
  m_LocalScale: {x: 1, y: 1, z: 1}
  m_Children:
  - {fileID: 4694427262978610}
  - {fileID: 4244979887602432}
  m_Father: {fileID: 0}
  m_RootOrder: 0
  m_LocalEulerAnglesHint: {x: 0, y: 0, z: 0}
--- !u!4 &4694427262978610
Transform:
  m_ObjectHideFlags: 1
  m_CorrespondingSourceObject: {fileID: 0}
  m_PrefabInternal: {fileID: 100100000}
  m_GameObject: {fileID: 1722249624573866}
  m_LocalRotation: {x: 0, y: 0, z: 0, w: 1}
  m_LocalPosition: {x: 0, y: 0, z: 0}
  m_LocalScale: {x: 1, y: 1, z: 1}
  m_Children:
  - {fileID: 4505814405447458}
  - {fileID: 4490756132576012}
  - {fileID: 4704893356340676}
  - {fileID: 4857804878513990}
  - {fileID: 4191660854978900}
  - {fileID: 4887095987797696}
  - {fileID: 4728520696031000}
  m_Father: {fileID: 4648700259899538}
  m_RootOrder: 0
  m_LocalEulerAnglesHint: {x: 0, y: 0, z: 0}
--- !u!4 &4704893356340676
Transform:
  m_ObjectHideFlags: 1
  m_CorrespondingSourceObject: {fileID: 0}
  m_PrefabInternal: {fileID: 100100000}
  m_GameObject: {fileID: 1778260809631032}
  m_LocalRotation: {x: -0, y: -0, z: -0, w: 1}
  m_LocalPosition: {x: 0, y: 0, z: 0}
  m_LocalScale: {x: 1, y: 1, z: 1}
  m_Children: []
  m_Father: {fileID: 4694427262978610}
  m_RootOrder: 2
  m_LocalEulerAnglesHint: {x: 0, y: 0, z: 0}
--- !u!4 &4728520696031000
Transform:
  m_ObjectHideFlags: 1
  m_CorrespondingSourceObject: {fileID: 0}
  m_PrefabInternal: {fileID: 100100000}
  m_GameObject: {fileID: 1656497936137474}
  m_LocalRotation: {x: -0, y: -0, z: -0, w: 1}
  m_LocalPosition: {x: 8.121733, y: 6.043232, z: -100}
  m_LocalScale: {x: 1, y: 1, z: 1}
  m_Children: []
  m_Father: {fileID: 4694427262978610}
  m_RootOrder: 6
  m_LocalEulerAnglesHint: {x: 0, y: 0, z: 0}
--- !u!4 &4857804878513990
Transform:
  m_ObjectHideFlags: 1
  m_CorrespondingSourceObject: {fileID: 0}
  m_PrefabInternal: {fileID: 100100000}
  m_GameObject: {fileID: 1732706947855062}
  m_LocalRotation: {x: 0, y: 0, z: 0, w: 1}
  m_LocalPosition: {x: 0, y: 1.4399996, z: 0}
  m_LocalScale: {x: 1, y: 1, z: 1}
  m_Children: []
  m_Father: {fileID: 4694427262978610}
  m_RootOrder: 3
  m_LocalEulerAnglesHint: {x: 0, y: 0, z: 0}
--- !u!4 &4887095987797696
Transform:
  m_ObjectHideFlags: 1
  m_CorrespondingSourceObject: {fileID: 0}
  m_PrefabInternal: {fileID: 100100000}
  m_GameObject: {fileID: 1730872868680764}
  m_LocalRotation: {x: -0, y: -0, z: -0, w: 1}
  m_LocalPosition: {x: 0.05, y: 1.17, z: 0}
  m_LocalScale: {x: 0.71999997, y: 0.75, z: 1}
  m_Children: []
  m_Father: {fileID: 4694427262978610}
  m_RootOrder: 5
  m_LocalEulerAnglesHint: {x: 0, y: 0, z: 0}
--- !u!23 &23376509886534080
MeshRenderer:
  m_ObjectHideFlags: 1
  m_CorrespondingSourceObject: {fileID: 0}
  m_PrefabInternal: {fileID: 100100000}
  m_GameObject: {fileID: 1780144712211040}
  m_Enabled: 1
  m_CastShadows: 1
  m_ReceiveShadows: 1
  m_DynamicOccludee: 1
  m_MotionVectors: 1
  m_LightProbeUsage: 1
  m_ReflectionProbeUsage: 1
  m_RenderingLayerMask: 4294967295
  m_Materials:
  - {fileID: 2100000, guid: 36440f202fc640743997ec0f31a8c322, type: 2}
  - {fileID: 2100000, guid: 00a43ad987093c046999c9dfb9766860, type: 2}
  - {fileID: 2100000, guid: 9fa05f0397b8d7e439928198796e2fbc, type: 2}
  - {fileID: 2100000, guid: 00a43ad987093c046999c9dfb9766860, type: 2}
  - {fileID: 2100000, guid: 36440f202fc640743997ec0f31a8c322, type: 2}
  m_StaticBatchInfo:
    firstSubMesh: 0
    subMeshCount: 0
  m_StaticBatchRoot: {fileID: 0}
  m_ProbeAnchor: {fileID: 0}
  m_LightProbeVolumeOverride: {fileID: 0}
  m_ScaleInLightmap: 1
  m_PreserveUVs: 0
  m_IgnoreNormalsForChartDetection: 0
  m_ImportantGI: 0
  m_StitchLightmapSeams: 0
  m_SelectedEditorRenderState: 3
  m_MinimumChartSize: 4
  m_AutoUVMaxDistance: 0.5
  m_AutoUVMaxAngle: 89
  m_LightmapParameters: {fileID: 0}
  m_SortingLayerID: -559774461
  m_SortingLayer: 3
  m_SortingOrder: 95
--- !u!23 &23496675969975876
MeshRenderer:
  m_ObjectHideFlags: 1
  m_CorrespondingSourceObject: {fileID: 0}
  m_PrefabInternal: {fileID: 100100000}
  m_GameObject: {fileID: 1778260809631032}
  m_Enabled: 1
  m_CastShadows: 1
  m_ReceiveShadows: 1
  m_DynamicOccludee: 1
  m_MotionVectors: 1
  m_LightProbeUsage: 1
  m_ReflectionProbeUsage: 1
  m_RenderingLayerMask: 4294967295
  m_Materials:
  - {fileID: 2100000, guid: 36440f202fc640743997ec0f31a8c322, type: 2}
  - {fileID: 2100000, guid: 00a43ad987093c046999c9dfb9766860, type: 2}
  - {fileID: 2100000, guid: 11583516c9e7b0d4d819e241923cb415, type: 2}
  - {fileID: 2100000, guid: 00a43ad987093c046999c9dfb9766860, type: 2}
  - {fileID: 2100000, guid: 36440f202fc640743997ec0f31a8c322, type: 2}
  m_StaticBatchInfo:
    firstSubMesh: 0
    subMeshCount: 0
  m_StaticBatchRoot: {fileID: 0}
  m_ProbeAnchor: {fileID: 0}
  m_LightProbeVolumeOverride: {fileID: 0}
  m_ScaleInLightmap: 1
  m_PreserveUVs: 0
  m_IgnoreNormalsForChartDetection: 0
  m_ImportantGI: 0
  m_StitchLightmapSeams: 0
  m_SelectedEditorRenderState: 3
  m_MinimumChartSize: 4
  m_AutoUVMaxDistance: 0.5
  m_AutoUVMaxAngle: 89
  m_LightmapParameters: {fileID: 0}
  m_SortingLayerID: -559774461
  m_SortingLayer: 3
  m_SortingOrder: 95
--- !u!23 &23779849599619082
MeshRenderer:
  m_ObjectHideFlags: 1
  m_CorrespondingSourceObject: {fileID: 0}
  m_PrefabInternal: {fileID: 100100000}
  m_GameObject: {fileID: 1180035266633146}
  m_Enabled: 1
  m_CastShadows: 1
  m_ReceiveShadows: 1
  m_DynamicOccludee: 1
  m_MotionVectors: 1
  m_LightProbeUsage: 1
  m_ReflectionProbeUsage: 1
  m_RenderingLayerMask: 4294967295
  m_Materials:
  - {fileID: 2100000, guid: 36440f202fc640743997ec0f31a8c322, type: 2}
  - {fileID: 2100000, guid: 00a43ad987093c046999c9dfb9766860, type: 2}
  - {fileID: 2100000, guid: e226d6fcd1e6d2541b45e807b9fba1cd, type: 2}
  - {fileID: 2100000, guid: 00a43ad987093c046999c9dfb9766860, type: 2}
  - {fileID: 2100000, guid: 36440f202fc640743997ec0f31a8c322, type: 2}
  m_StaticBatchInfo:
    firstSubMesh: 0
    subMeshCount: 0
  m_StaticBatchRoot: {fileID: 0}
  m_ProbeAnchor: {fileID: 0}
  m_LightProbeVolumeOverride: {fileID: 0}
  m_ScaleInLightmap: 1
  m_PreserveUVs: 0
  m_IgnoreNormalsForChartDetection: 0
  m_ImportantGI: 0
  m_StitchLightmapSeams: 0
  m_SelectedEditorRenderState: 3
  m_MinimumChartSize: 4
  m_AutoUVMaxDistance: 0.5
  m_AutoUVMaxAngle: 89
  m_LightmapParameters: {fileID: 0}
  m_SortingLayerID: -559774461
  m_SortingLayer: 3
  m_SortingOrder: 95
--- !u!33 &33175498401599586
MeshFilter:
  m_ObjectHideFlags: 1
  m_CorrespondingSourceObject: {fileID: 0}
  m_PrefabInternal: {fileID: 100100000}
  m_GameObject: {fileID: 1778260809631032}
  m_Mesh: {fileID: 0}
--- !u!33 &33729813193817704
MeshFilter:
  m_ObjectHideFlags: 1
  m_CorrespondingSourceObject: {fileID: 0}
  m_PrefabInternal: {fileID: 100100000}
  m_GameObject: {fileID: 1780144712211040}
  m_Mesh: {fileID: 0}
--- !u!33 &33879875740824304
MeshFilter:
  m_ObjectHideFlags: 1
  m_CorrespondingSourceObject: {fileID: 0}
  m_PrefabInternal: {fileID: 100100000}
  m_GameObject: {fileID: 1180035266633146}
  m_Mesh: {fileID: 0}
--- !u!60 &60042705839320980
PolygonCollider2D:
  m_ObjectHideFlags: 1
  m_CorrespondingSourceObject: {fileID: 0}
  m_PrefabInternal: {fileID: 100100000}
  m_GameObject: {fileID: 1722249624573866}
  m_Enabled: 1
  m_Density: 1
  m_Material: {fileID: 0}
  m_IsTrigger: 0
  m_UsedByEffector: 0
  m_UsedByComposite: 0
  m_Offset: {x: 0, y: 0}
  m_SpriteTilingProperty:
    border: {x: 0, y: 0, z: 0, w: 0}
    pivot: {x: 0, y: 0}
    oldSize: {x: 0, y: 0}
    newSize: {x: 0, y: 0}
    adaptiveTilingThreshold: 0
    drawMode: 0
    adaptiveTiling: 0
  m_AutoTiling: 0
  m_Points:
    m_Paths:
    - - {x: 8.996311, y: -1.2232704}
      - {x: 7.2649193, y: -0.47208786}
      - {x: 2.5649872, y: 2.2801628}
      - {x: 0.84885025, y: 1.8874359}
      - {x: 0.30129242, y: 2.1000557}
      - {x: 0.38518143, y: 2.890564}
      - {x: -3.861866, y: 5.1450844}
      - {x: -4.3150177, y: 4.3979073}
      - {x: -6.1099052, y: 5.309292}
      - {x: -6.1961517, y: 6.9972}
      - {x: -7.128128, y: 7.433754}
      - {x: -8.373432, y: 6.871338}
      - {x: -8.474976, y: 3.202835}
      - {x: -0.5877852, y: -0.80901706}
      - {x: 7.6101074, y: -4.8603554}
      - {x: 9.039101, y: -4.2918587}
      - {x: 9.1242485, y: -3.113243}
      - {x: 9.246658, y: -2.121788}
--- !u!95 &95520990933448006
Animator:
  serializedVersion: 3
  m_ObjectHideFlags: 1
  m_CorrespondingSourceObject: {fileID: 0}
  m_PrefabInternal: {fileID: 100100000}
  m_GameObject: {fileID: 1180035266633146}
  m_Enabled: 1
  m_Avatar: {fileID: 0}
  m_Controller: {fileID: 22100000, guid: b638f4caaa4500540adb378fe519e072, type: 2}
  m_CullingMode: 0
  m_UpdateMode: 0
  m_ApplyRootMotion: 0
  m_LinearVelocityBlending: 0
  m_WarningMessage: 
  m_HasTransformHierarchy: 1
  m_AllowConstantClipSamplingOptimization: 1
  m_KeepAnimatorControllerStateOnDisable: 0
--- !u!95 &95652826917129208
Animator:
  serializedVersion: 3
  m_ObjectHideFlags: 1
  m_CorrespondingSourceObject: {fileID: 0}
  m_PrefabInternal: {fileID: 100100000}
  m_GameObject: {fileID: 1778260809631032}
  m_Enabled: 1
  m_Avatar: {fileID: 0}
  m_Controller: {fileID: 22100000, guid: b638f4caaa4500540adb378fe519e072, type: 2}
  m_CullingMode: 0
  m_UpdateMode: 0
  m_ApplyRootMotion: 0
  m_LinearVelocityBlending: 0
  m_WarningMessage: 
  m_HasTransformHierarchy: 1
  m_AllowConstantClipSamplingOptimization: 1
  m_KeepAnimatorControllerStateOnDisable: 0
--- !u!95 &95668903582657778
Animator:
  serializedVersion: 3
  m_ObjectHideFlags: 1
  m_CorrespondingSourceObject: {fileID: 0}
  m_PrefabInternal: {fileID: 100100000}
  m_GameObject: {fileID: 1780144712211040}
  m_Enabled: 1
  m_Avatar: {fileID: 0}
  m_Controller: {fileID: 22100000, guid: b638f4caaa4500540adb378fe519e072, type: 2}
  m_CullingMode: 0
  m_UpdateMode: 0
  m_ApplyRootMotion: 0
  m_LinearVelocityBlending: 0
  m_WarningMessage: 
  m_HasTransformHierarchy: 1
  m_AllowConstantClipSamplingOptimization: 1
  m_KeepAnimatorControllerStateOnDisable: 0
--- !u!114 &114035062953240526
MonoBehaviour:
  m_ObjectHideFlags: 1
  m_CorrespondingSourceObject: {fileID: 0}
  m_PrefabInternal: {fileID: 100100000}
  m_GameObject: {fileID: 1778260809631032}
  m_Enabled: 1
  m_EditorHideFlags: 0
  m_Script: {fileID: 11500000, guid: d247ba06193faa74d9335f5481b2b56c, type: 3}
  m_Name: 
  m_EditorClassIdentifier: 
  skeletonDataAsset: {fileID: 11400000, guid: aaaf48bbcb125ab4b8179393c6fcf42b, type: 2}
  initialSkinName: 3
  initialFlipX: 0
  initialFlipY: 0
  separatorSlotNames: []
  zSpacing: 0
  useClipping: 1
  immutableTriangles: 0
  pmaVertexColors: 0
  clearStateOnDisable: 0
  tintBlack: 0
  singleSubmesh: 0
  addNormals: 0
  calculateTangents: 0
  logErrors: 0
  disableRenderingOnOverride: 1
  _animationName: idle
  loop: 0
  timeScale: 1
--- !u!114 &114058379364486520
MonoBehaviour:
  m_ObjectHideFlags: 1
  m_CorrespondingSourceObject: {fileID: 0}
  m_PrefabInternal: {fileID: 100100000}
  m_GameObject: {fileID: 1780144712211040}
  m_Enabled: 1
  m_EditorHideFlags: 0
  m_Script: {fileID: 11500000, guid: 3af35bc8aec94eb78917444da472f26c, type: 3}
  m_Name: 
  m_EditorClassIdentifier: 
--- !u!114 &114076823708888558
MonoBehaviour:
  m_ObjectHideFlags: 1
  m_CorrespondingSourceObject: {fileID: 0}
  m_PrefabInternal: {fileID: 100100000}
  m_GameObject: {fileID: 1780144712211040}
  m_Enabled: 1
  m_EditorHideFlags: 0
  m_Script: {fileID: 11500000, guid: d247ba06193faa74d9335f5481b2b56c, type: 3}
  m_Name: 
  m_EditorClassIdentifier: 
  skeletonDataAsset: {fileID: 11400000, guid: aaaf48bbcb125ab4b8179393c6fcf42b, type: 2}
  initialSkinName: 1
  initialFlipX: 0
  initialFlipY: 0
  separatorSlotNames: []
  zSpacing: 0
  useClipping: 1
  immutableTriangles: 0
  pmaVertexColors: 0
  clearStateOnDisable: 0
  tintBlack: 0
  singleSubmesh: 0
  addNormals: 0
  calculateTangents: 0
  logErrors: 0
  disableRenderingOnOverride: 1
  _animationName: idle
  loop: 0
  timeScale: 1
--- !u!114 &114094648701434580
MonoBehaviour:
  m_ObjectHideFlags: 1
  m_CorrespondingSourceObject: {fileID: 0}
  m_PrefabInternal: {fileID: 100100000}
  m_GameObject: {fileID: 1722249624573866}
  m_Enabled: 1
  m_EditorHideFlags: 0
  m_Script: {fileID: 11500000, guid: 1157dfdc973346bd86e9f3f8bbd33a79, type: 3}
  m_Name: 
  m_EditorClassIdentifier: 
  _isMain: 1
  _cameraFocusPoint: {fileID: 4728520696031000}
  _characterPresentationPosition: {fileID: 4191660854978900}
  _characterPresentationLookAt: {fileID: 4887095987797696}
  _indicatorPoint: {fileID: 4857804878513990}
  _referencePresentationOrthographicSize: -1
  _uniqueOverviewIndicatorPrefab: {fileID: 114029719851893336, guid: 7462b9b8be5d19b4183a4d816a9e76bb,
    type: 2}
--- !u!114 &114101314282136390
MonoBehaviour:
  m_ObjectHideFlags: 1
  m_CorrespondingSourceObject: {fileID: 0}
  m_PrefabInternal: {fileID: 100100000}
  m_GameObject: {fileID: 1722249624573866}
  m_Enabled: 1
  m_EditorHideFlags: 0
  m_Script: {fileID: 11500000, guid: 65c8d97aff62a473e888feae3bec54cd, type: 3}
  m_Name: 
  m_EditorClassIdentifier: 
  OnStateChange:
    m_PersistentCalls:
      m_Calls: []
    m_TypeName: TouchScript.Gestures.Gesture+GestureEvent, Assembly-CSharp-firstpass,
      Version=1.4.0.0, Culture=neutral, PublicKeyToken=null
  basicEditor: 0
  generalProps: 0
  limitsProps: 0
  advancedProps: 0
  minPointers: 1
  maxPointers: 1
  useSendMessage: 0
  sendStateChangeMessages: 0
  sendMessageTarget: {fileID: 1722249624573866}
  useUnityEvents: 0
  sendStateChangeEvents: 0
  requireGestureToFail: {fileID: 0}
  friendlyGestures: []
  OnLongPress:
    m_PersistentCalls:
      m_Calls: []
    m_TypeName: TouchScript.Gestures.Gesture+GestureEvent, Assembly-CSharp-firstpass,
      Version=1.4.0.0, Culture=neutral, PublicKeyToken=null
  timeToPress: 1
  distanceLimit: 0.1
--- !u!114 &114161136738999668
MonoBehaviour:
  m_ObjectHideFlags: 1
  m_CorrespondingSourceObject: {fileID: 0}
  m_PrefabInternal: {fileID: 100100000}
  m_GameObject: {fileID: 1780144712211040}
  m_Enabled: 1
  m_EditorHideFlags: 0
  m_Script: {fileID: 11500000, guid: 2e0b49738d78864419d746fb260cea37, type: 3}
  m_Name: 
  m_EditorClassIdentifier: 
  _eventHandler:
    m_PersistentCalls:
      m_Calls: []
    m_TypeName: DreamTeam.Utils.AnimatorToSpineController+EventHandler, Assembly-CSharp,
      Version=0.0.0.0, Culture=neutral, PublicKeyToken=null
  _defaultAnimation: 
--- !u!114 &114297522974096290
MonoBehaviour:
  m_ObjectHideFlags: 1
  m_CorrespondingSourceObject: {fileID: 0}
  m_PrefabInternal: {fileID: 100100000}
  m_GameObject: {fileID: 1778260809631032}
  m_Enabled: 1
  m_EditorHideFlags: 0
  m_Script: {fileID: 11500000, guid: 2e0b49738d78864419d746fb260cea37, type: 3}
  m_Name: 
  m_EditorClassIdentifier: 
  _eventHandler:
    m_PersistentCalls:
      m_Calls: []
    m_TypeName: DreamTeam.Utils.AnimatorToSpineController+EventHandler, Assembly-CSharp,
      Version=0.0.0.0, Culture=neutral, PublicKeyToken=null
  _defaultAnimation: 
--- !u!114 &114326953059514296
MonoBehaviour:
  m_ObjectHideFlags: 1
  m_CorrespondingSourceObject: {fileID: 0}
  m_PrefabInternal: {fileID: 100100000}
  m_GameObject: {fileID: 1780144712211040}
  m_Enabled: 1
  m_EditorHideFlags: 0
  m_Script: {fileID: 11500000, guid: cf2e343db4344fa2be92ccd3cdce980a, type: 3}
  m_Name: 
  m_EditorClassIdentifier: 
  _decorationSkin: {fileID: 11400000, guid: 554032c1c8caacf4386a9adbbd8ccead, type: 2}
  _animatorStateWatcher: {fileID: 114058379364486520}
  _previewActiveParameterName: IsPreviewActive
  _pingTriggerName: Ping
  _appearTriggerName: Appear
--- !u!114 &114331364940012824
MonoBehaviour:
  m_ObjectHideFlags: 1
  m_CorrespondingSourceObject: {fileID: 0}
  m_PrefabInternal: {fileID: 100100000}
  m_GameObject: {fileID: 1180035266633146}
  m_Enabled: 1
  m_EditorHideFlags: 0
  m_Script: {fileID: 11500000, guid: 3af35bc8aec94eb78917444da472f26c, type: 3}
  m_Name: 
  m_EditorClassIdentifier: 
--- !u!114 &114333188255543696
MonoBehaviour:
  m_ObjectHideFlags: 1
  m_CorrespondingSourceObject: {fileID: 0}
  m_PrefabInternal: {fileID: 100100000}
  m_GameObject: {fileID: 1722249624573866}
  m_Enabled: 0
  m_EditorHideFlags: 0
  m_Script: {fileID: 11500000, guid: 7a878a6ff128243dfb1d89ca0273f059, type: 3}
  m_Name: 
  m_EditorClassIdentifier: 
  OnStateChange:
    m_PersistentCalls:
      m_Calls: []
    m_TypeName: TouchScript.Gestures.Gesture+GestureEvent, Assembly-CSharp-firstpass,
      Version=1.4.0.0, Culture=neutral, PublicKeyToken=null
  basicEditor: 0
  generalProps: 0
  limitsProps: 0
  advancedProps: 0
  minPointers: 1
  maxPointers: 1
  useSendMessage: 0
  sendStateChangeMessages: 0
  sendMessageTarget: {fileID: 1722249624573866}
  useUnityEvents: 0
  sendStateChangeEvents: 0
  requireGestureToFail: {fileID: 0}
  friendlyGestures: []
  OnTap:
    m_PersistentCalls:
      m_Calls: []
    m_TypeName: TouchScript.Gestures.Gesture+GestureEvent, Assembly-CSharp-firstpass,
      Version=1.4.0.0, Culture=neutral, PublicKeyToken=null
  numberOfTapsRequired: 1
  timeLimit: Infinity
  distanceLimit: 0.1
  combinePointers: 0
  combinePointersInterval: 0.3
--- !u!114 &114385291064827956
MonoBehaviour:
  m_ObjectHideFlags: 1
  m_CorrespondingSourceObject: {fileID: 0}
  m_PrefabInternal: {fileID: 100100000}
  m_GameObject: {fileID: 1637971243817920}
  m_Enabled: 1
  m_EditorHideFlags: 0
  m_Script: {fileID: 11500000, guid: 6ffdb17d2fc53f64983852bc9123fc6d, type: 3}
  m_Name: 
  m_EditorClassIdentifier: 
  _decoration: {fileID: 11400000, guid: 38e927151f82c5a428d92eb1939e294b, type: 2}
--- !u!114 &114480523734916666
MonoBehaviour:
  m_ObjectHideFlags: 1
  m_CorrespondingSourceObject: {fileID: 0}
  m_PrefabInternal: {fileID: 100100000}
  m_GameObject: {fileID: 1722249624573866}
  m_Enabled: 1
  m_EditorHideFlags: 0
  m_Script: {fileID: 11500000, guid: d2c62ea86fe84b26bb7e92f1921f9ad3, type: 3}
  m_Name: 
  m_EditorClassIdentifier: 
  _gameControl: {fileID: 11400000, guid: 0489f14e2996295449b6361af0881b44, type: 2}
  _controlSelfGameObject: 0
  _components:
  - {fileID: 114101314282136390}
  _gameObjects: []
--- !u!114 &114512775287593074
MonoBehaviour:
  m_ObjectHideFlags: 1
  m_CorrespondingSourceObject: {fileID: 0}
  m_PrefabInternal: {fileID: 100100000}
  m_GameObject: {fileID: 1637971243817920}
  m_Enabled: 1
  m_EditorHideFlags: 0
  m_Script: {fileID: 11500000, guid: dee63bc66aa5a394286e8f04d0d15733, type: 3}
  m_Name: 
  m_EditorClassIdentifier: 
  _asset: {fileID: 11400000, guid: cd8fa656659b1cd4a87a69112171df77, type: 2}
  _mirroredObject: {fileID: 114385291064827956}
  _mirrorFlow: 0
  _instanceId: Decoration.Location01.Wall_Garden_Left
--- !u!114 &114551956048889332
MonoBehaviour:
  m_ObjectHideFlags: 1
  m_CorrespondingSourceObject: {fileID: 0}
  m_PrefabInternal: {fileID: 100100000}
  m_GameObject: {fileID: 1132378727433316}
  m_Enabled: 1
  m_EditorHideFlags: 0
  m_Script: {fileID: 11500000, guid: dee63bc66aa5a394286e8f04d0d15733, type: 3}
  m_Name: 
  m_EditorClassIdentifier: 
  _asset: {fileID: 11400000, guid: cd8fa656659b1cd4a87a69112171df77, type: 2}
  _mirroredObject: {fileID: 4191660854978900}
  _mirrorFlow: 0
  _instanceId: Decoration.Location01.LanternPositionPoint
--- !u!114 &114574977411305520
MonoBehaviour:
  m_ObjectHideFlags: 1
  m_CorrespondingSourceObject: {fileID: 0}
  m_PrefabInternal: {fileID: 100100000}
  m_GameObject: {fileID: 1778260809631032}
  m_Enabled: 1
  m_EditorHideFlags: 0
  m_Script: {fileID: 11500000, guid: 3af35bc8aec94eb78917444da472f26c, type: 3}
  m_Name: 
  m_EditorClassIdentifier: 
--- !u!114 &114708112800634382
MonoBehaviour:
  m_ObjectHideFlags: 1
  m_CorrespondingSourceObject: {fileID: 0}
  m_PrefabInternal: {fileID: 100100000}
  m_GameObject: {fileID: 1180035266633146}
  m_Enabled: 1
  m_EditorHideFlags: 0
  m_Script: {fileID: 11500000, guid: 2e0b49738d78864419d746fb260cea37, type: 3}
  m_Name: 
  m_EditorClassIdentifier: 
  _eventHandler:
    m_PersistentCalls:
      m_Calls: []
    m_TypeName: DreamTeam.Utils.AnimatorToSpineController+EventHandler, Assembly-CSharp,
      Version=0.0.0.0, Culture=neutral, PublicKeyToken=null
  _defaultAnimation: 
--- !u!114 &114747885343870082
MonoBehaviour:
  m_ObjectHideFlags: 1
  m_CorrespondingSourceObject: {fileID: 0}
  m_PrefabInternal: {fileID: 100100000}
  m_GameObject: {fileID: 1180035266633146}
  m_Enabled: 1
  m_EditorHideFlags: 0
  m_Script: {fileID: 11500000, guid: d247ba06193faa74d9335f5481b2b56c, type: 3}
  m_Name: 
  m_EditorClassIdentifier: 
  skeletonDataAsset: {fileID: 11400000, guid: aaaf48bbcb125ab4b8179393c6fcf42b, type: 2}
  initialSkinName: 2
  initialFlipX: 0
  initialFlipY: 0
  separatorSlotNames: []
  zSpacing: 0
  useClipping: 1
  immutableTriangles: 0
  pmaVertexColors: 0
  clearStateOnDisable: 0
  tintBlack: 0
  singleSubmesh: 0
  addNormals: 0
  calculateTangents: 0
  logErrors: 0
  disableRenderingOnOverride: 1
  _animationName: idle
  loop: 0
  timeScale: 1
--- !u!114 &114818931656758460
MonoBehaviour:
  m_ObjectHideFlags: 1
  m_CorrespondingSourceObject: {fileID: 0}
  m_PrefabInternal: {fileID: 100100000}
  m_GameObject: {fileID: 1180035266633146}
  m_Enabled: 1
  m_EditorHideFlags: 0
  m_Script: {fileID: 11500000, guid: cf2e343db4344fa2be92ccd3cdce980a, type: 3}
  m_Name: 
  m_EditorClassIdentifier: 
  _decorationSkin: {fileID: 11400000, guid: aad876ddcb765c84f905275908f8006e, type: 2}
  _animatorStateWatcher: {fileID: 114331364940012824}
  _previewActiveParameterName: IsPreviewActive
  _pingTriggerName: Ping
  _appearTriggerName: Appear
--- !u!114 &114935690844213314
MonoBehaviour:
  m_ObjectHideFlags: 1
  m_CorrespondingSourceObject: {fileID: 0}
  m_PrefabInternal: {fileID: 100100000}
  m_GameObject: {fileID: 1778260809631032}
  m_Enabled: 1
  m_EditorHideFlags: 0
  m_Script: {fileID: 11500000, guid: cf2e343db4344fa2be92ccd3cdce980a, type: 3}
  m_Name: 
  m_EditorClassIdentifier: 
  _decorationSkin: {fileID: 11400000, guid: 7cd016922b3b77b4e8d629db599b1f99, type: 2}
  _animatorStateWatcher: {fileID: 114574977411305520}
  _previewActiveParameterName: IsPreviewActive
  _pingTriggerName: Ping
  _appearTriggerName: Appear
--- !u!210 &210347537836297628
SortingGroup:
  m_ObjectHideFlags: 1
  m_CorrespondingSourceObject: {fileID: 0}
  m_PrefabInternal: {fileID: 100100000}
  m_GameObject: {fileID: 1780144712211040}
  m_Enabled: 1
  m_SortingLayerID: -559774461
  m_SortingLayer: 3
  m_SortingOrder: 95
--- !u!210 &210542854520336638
SortingGroup:
  m_ObjectHideFlags: 1
  m_CorrespondingSourceObject: {fileID: 0}
  m_PrefabInternal: {fileID: 100100000}
  m_GameObject: {fileID: 1637971243817920}
  m_Enabled: 1
  m_SortingLayerID: -559774461
  m_SortingLayer: 3
  m_SortingOrder: 95
--- !u!210 &210637255438998458
SortingGroup:
  m_ObjectHideFlags: 1
  m_CorrespondingSourceObject: {fileID: 0}
  m_PrefabInternal: {fileID: 100100000}
  m_GameObject: {fileID: 1180035266633146}
  m_Enabled: 1
  m_SortingLayerID: -559774461
  m_SortingLayer: 3
  m_SortingOrder: 95
--- !u!210 &210768320568787426
SortingGroup:
  m_ObjectHideFlags: 1
  m_CorrespondingSourceObject: {fileID: 0}
  m_PrefabInternal: {fileID: 100100000}
  m_GameObject: {fileID: 1778260809631032}
  m_Enabled: 1
  m_SortingLayerID: -559774461
  m_SortingLayer: 3
  m_SortingOrder: 95
