%YAML 1.1
%TAG !u! tag:unity3d.com,2011:
--- !u!1001 &100100000
Prefab:
  m_ObjectHideFlags: 1
  serializedVersion: 2
  m_Modification:
    m_TransformParent: {fileID: 0}
    m_Modifications: []
    m_RemovedComponents: []
  m_SourcePrefab: {fileID: 0}
  m_RootGameObject: {fileID: 1360983202732688}
  m_IsPrefabAsset: 1
--- !u!1 &1015578051893076
GameObject:
  m_ObjectHideFlags: 1
  m_CorrespondingSourceObject: {fileID: 0}
  m_PrefabInternal: {fileID: 100100000}
  serializedVersion: 6
  m_Component:
  - component: {fileID: 4892956785187286}
  - component: {fileID: 114131311897821790}
  m_Layer: 0
  m_Name: Effect
  m_TagString: Untagged
  m_Icon: {fileID: 0}
  m_NavMeshLayer: 0
  m_StaticEditorFlags: 0
  m_IsActive: 1
--- !u!1 &1337663791014804
GameObject:
  m_ObjectHideFlags: 0
  m_CorrespondingSourceObject: {fileID: 0}
  m_PrefabInternal: {fileID: 100100000}
  serializedVersion: 6
  m_Component:
  - component: {fileID: 4976378396848662}
  - component: {fileID: 33779942122660958}
  - component: {fileID: 23273787211412614}
  - component: {fileID: 114224943842954336}
  - component: {fileID: 114675464824574040}
  m_Layer: 0
  m_Name: TeleportInView
  m_TagString: Untagged
  m_Icon: {fileID: 0}
  m_NavMeshLayer: 0
  m_StaticEditorFlags: 0
  m_IsActive: 1
--- !u!1 &1360983202732688
GameObject:
  m_ObjectHideFlags: 0
  m_CorrespondingSourceObject: {fileID: 0}
  m_PrefabInternal: {fileID: 100100000}
  serializedVersion: 6
  m_Component:
  - component: {fileID: 4627915539759818}
  m_Layer: 0
  m_Name: TeleportInLeft
  m_TagString: Untagged
  m_Icon: {fileID: 0}
  m_NavMeshLayer: 0
  m_StaticEditorFlags: 0
  m_IsActive: 1
--- !u!4 &4627915539759818
Transform:
  m_ObjectHideFlags: 1
  m_CorrespondingSourceObject: {fileID: 0}
  m_PrefabInternal: {fileID: 100100000}
  m_GameObject: {fileID: 1360983202732688}
  m_LocalRotation: {x: -0, y: -0, z: -0, w: 1}
  m_LocalPosition: {x: 6.27, y: -4.7, z: 0}
  m_LocalScale: {x: 1, y: 1, z: 1}
  m_Children:
  - {fileID: 4976378396848662}
  m_Father: {fileID: 0}
  m_RootOrder: 0
  m_LocalEulerAnglesHint: {x: 0, y: 0, z: 0}
--- !u!4 &4892956785187286
Transform:
  m_ObjectHideFlags: 1
  m_CorrespondingSourceObject: {fileID: 0}
  m_PrefabInternal: {fileID: 100100000}
  m_GameObject: {fileID: 1015578051893076}
  m_LocalRotation: {x: -0, y: -0, z: -0, w: 1}
  m_LocalPosition: {x: 0, y: 0.28, z: 0}
  m_LocalScale: {x: 1, y: 1, z: 1}
  m_Children: []
  m_Father: {fileID: 4976378396848662}
  m_RootOrder: 0
  m_LocalEulerAnglesHint: {x: 0, y: 0, z: 0}
--- !u!4 &4976378396848662
Transform:
  m_ObjectHideFlags: 1
  m_CorrespondingSourceObject: {fileID: 0}
  m_PrefabInternal: {fileID: 100100000}
  m_GameObject: {fileID: 1337663791014804}
  m_LocalRotation: {x: 0, y: 0, z: -0.7071068, w: 0.7071068}
  m_LocalPosition: {x: -0.92, y: 0, z: 0}
  m_LocalScale: {x: 1, y: 1, z: 1}
  m_Children:
  - {fileID: 4892956785187286}
  m_Father: {fileID: 4627915539759818}
  m_RootOrder: 0
  m_LocalEulerAnglesHint: {x: 0, y: 0, z: -90}
--- !u!23 &23273787211412614
MeshRenderer:
  m_ObjectHideFlags: 1
  m_CorrespondingSourceObject: {fileID: 0}
  m_PrefabInternal: {fileID: 100100000}
  m_GameObject: {fileID: 1337663791014804}
  m_Enabled: 1
  m_CastShadows: 0
  m_ReceiveShadows: 0
  m_DynamicOccludee: 0
  m_MotionVectors: 2
  m_LightProbeUsage: 0
  m_ReflectionProbeUsage: 0
  m_RenderingLayerMask: 4294967295
  m_Materials:
  - {fileID: 2100000, guid: 5acbfcff96d8c11408ccbd5c4d49062f, type: 2}
  m_StaticBatchInfo:
    firstSubMesh: 0
    subMeshCount: 0
  m_StaticBatchRoot: {fileID: 0}
  m_ProbeAnchor: {fileID: 0}
  m_LightProbeVolumeOverride: {fileID: 0}
  m_ScaleInLightmap: 1
  m_PreserveUVs: 0
  m_IgnoreNormalsForChartDetection: 0
  m_ImportantGI: 0
  m_StitchLightmapSeams: 0
  m_SelectedEditorRenderState: 3
  m_MinimumChartSize: 4
  m_AutoUVMaxDistance: 0.5
  m_AutoUVMaxAngle: 89
  m_LightmapParameters: {fileID: 0}
  m_SortingLayerID: -1014174945
  m_SortingLayer: 21
  m_SortingOrder: 0
--- !u!33 &33779942122660958
MeshFilter:
  m_ObjectHideFlags: 1
  m_CorrespondingSourceObject: {fileID: 0}
  m_PrefabInternal: {fileID: 100100000}
  m_GameObject: {fileID: 1337663791014804}
  m_Mesh: {fileID: 0}
--- !u!114 &114131311897821790
MonoBehaviour:
  m_ObjectHideFlags: 1
  m_CorrespondingSourceObject: {fileID: 0}
  m_PrefabInternal: {fileID: 100100000}
  m_GameObject: {fileID: 1015578051893076}
  m_Enabled: 1
  m_EditorHideFlags: 0
  m_Script: {fileID: 11500000, guid: db2de755a4ae4b6a8626a203c820b206, type: 3}
  m_Name: 
  m_EditorClassIdentifier: 
  _prefab: {fileID: 1297200710400590, guid: 94307dac61163044f816075acdee7d04, type: 2}
--- !u!114 &114224943842954336
MonoBehaviour:
  m_ObjectHideFlags: 1
  m_CorrespondingSourceObject: {fileID: 0}
  m_PrefabInternal: {fileID: 100100000}
  m_GameObject: {fileID: 1337663791014804}
  m_Enabled: 1
  m_EditorHideFlags: 0
  m_Script: {fileID: 11500000, guid: d247ba06193faa74d9335f5481b2b56c, type: 3}
  m_Name: 
  m_EditorClassIdentifier: 
  skeletonDataAsset: {fileID: 11400000, guid: 4aa232c9874f4a947924c36a3ed133a4, type: 2}
  initialSkinName: default
  initialFlipX: 0
  initialFlipY: 0
  separatorSlotNames: []
  zSpacing: 0
  useClipping: 1
  immutableTriangles: 0
  pmaVertexColors: 0
  clearStateOnDisable: 0
  tintBlack: 0
  singleSubmesh: 0
  addNormals: 0
  calculateTangents: 0
  logErrors: 0
  disableRenderingOnOverride: 1
  _animationName: idle_blue
  loop: 1
  timeScale: 1
--- !u!114 &114675464824574040
MonoBehaviour:
  m_ObjectHideFlags: 1
  m_CorrespondingSourceObject: {fileID: 0}
  m_PrefabInternal: {fileID: 100100000}
  m_GameObject: {fileID: 1337663791014804}
  m_Enabled: 1
  m_EditorHideFlags: 0
  m_Script: {fileID: 11500000, guid: 8a3f802309a248ae9064c6e449735e31, type: 3}
  m_Name: 
  m_EditorClassIdentifier: 
  _teleport: {fileID: 0}
  _teleportationType: 0
  _idleAnimationName: idle_blue
  _teleportAnimationName: inout_blue
  _teleportationEndEventName: 
  _isReactingOnTeleportationOut: 0
  _effectsContainer: {fileID: 4892956785187286}
