%YAML 1.1
%TAG !u! tag:unity3d.com,2011:
--- !u!1001 &100100000
Prefab:
  m_ObjectHideFlags: 1
  serializedVersion: 2
  m_Modification:
    m_TransformParent: {fileID: 0}
    m_Modifications: []
    m_RemovedComponents: []
  m_SourcePrefab: {fileID: 0}
  m_RootGameObject: {fileID: 1163604930364374}
  m_IsPrefabAsset: 1
--- !u!1 &1134825943277676
GameObject:
  m_ObjectHideFlags: 1
  m_CorrespondingSourceObject: {fileID: 0}
  m_PrefabInternal: {fileID: 100100000}
  serializedVersion: 6
  m_Component:
  - component: {fileID: 4788466265752602}
  - component: {fileID: 114122806038137738}
  m_Layer: 0
  m_Name: ChipAudioPlayer
  m_TagString: Untagged
  m_Icon: {fileID: 0}
  m_NavMeshLayer: 0
  m_StaticEditorFlags: 0
  m_IsActive: 1
--- !u!1 &1163604930364374
GameObject:
  m_ObjectHideFlags: 0
  m_CorrespondingSourceObject: {fileID: 0}
  m_PrefabInternal: {fileID: 100100000}
  serializedVersion: 6
  m_Component:
  - component: {fileID: 4101939141921058}
  - component: {fileID: 114994782294858818}
  - component: {fileID: 114824485873091542}
  - component: {fileID: 114536105231438012}
  - component: {fileID: 114305428669373698}
  - component: {fileID: 114784565095730682}
  - component: {fileID: 114290043577914404}
  m_Layer: 0
  m_Name: Ball
  m_TagString: Untagged
  m_Icon: {fileID: 0}
  m_NavMeshLayer: 0
  m_StaticEditorFlags: 0
  m_IsActive: 1
--- !u!1 &1587422815297686
GameObject:
  m_ObjectHideFlags: 1
  m_CorrespondingSourceObject: {fileID: 0}
  m_PrefabInternal: {fileID: 100100000}
  serializedVersion: 6
  m_Component:
  - component: {fileID: 4096429730527968}
  - component: {fileID: 95274118746729126}
  - component: {fileID: 114046220471250992}
  - component: {fileID: 114798538409393118}
  - component: {fileID: 114393206874305226}
  - component: {fileID: 23437258638951754}
  - component: {fileID: 33633795022338182}
  - component: {fileID: 114649779104340372}
  - component: {fileID: 114065007339825834}
  - component: {fileID: 114814684636024828}
  - component: {fileID: 114231967724018158}
  - component: {fileID: 114342704385610382}
  - component: {fileID: 114165991653378144}
  - component: {fileID: 114194925614463666}
  - component: {fileID: 114158885994003278}
  - component: {fileID: 114696928741300954}
  m_Layer: 0
  m_Name: View
  m_TagString: Untagged
  m_Icon: {fileID: 0}
  m_NavMeshLayer: 0
  m_StaticEditorFlags: 0
  m_IsActive: 1
--- !u!1 &1651831534359414
GameObject:
  m_ObjectHideFlags: 0
  m_CorrespondingSourceObject: {fileID: 0}
  m_PrefabInternal: {fileID: 100100000}
  serializedVersion: 6
  m_Component:
  - component: {fileID: 4875165933208784}
  - component: {fileID: 114890175826940674}
  - component: {fileID: 114976407289848840}
  - component: {fileID: 114719669823611106}
  - component: {fileID: 114230294265822598}
  - component: {fileID: 114056837969897670}
  - component: {fileID: 114569294021215988}
  - component: {fileID: 114688857858781350}
  - component: {fileID: 114733767268482854}
  - component: {fileID: 210872236923709696}
  m_Layer: 0
  m_Name: BallPresenter
  m_TagString: Untagged
  m_Icon: {fileID: 0}
  m_NavMeshLayer: 0
  m_StaticEditorFlags: 0
  m_IsActive: 1
--- !u!4 &4096429730527968
Transform:
  m_ObjectHideFlags: 1
  m_CorrespondingSourceObject: {fileID: 0}
  m_PrefabInternal: {fileID: 100100000}
  m_GameObject: {fileID: 1587422815297686}
  m_LocalRotation: {x: -0, y: -0, z: -0, w: 1}
  m_LocalPosition: {x: 0, y: 0, z: 0}
  m_LocalScale: {x: 1, y: 1, z: 1}
  m_Children:
  - {fileID: 4788466265752602}
  m_Father: {fileID: 4875165933208784}
  m_RootOrder: 0
  m_LocalEulerAnglesHint: {x: 0, y: 0, z: 0}
--- !u!4 &4101939141921058
Transform:
  m_ObjectHideFlags: 1
  m_CorrespondingSourceObject: {fileID: 0}
  m_PrefabInternal: {fileID: 100100000}
  m_GameObject: {fileID: 1163604930364374}
  m_LocalRotation: {x: -0, y: -0, z: -0, w: 1}
  m_LocalPosition: {x: 0, y: 0, z: 0}
  m_LocalScale: {x: 1, y: 1, z: 1}
  m_Children:
  - {fileID: 4875165933208784}
  m_Father: {fileID: 0}
  m_RootOrder: 0
  m_LocalEulerAnglesHint: {x: 0, y: 0, z: 0}
--- !u!4 &4788466265752602
Transform:
  m_ObjectHideFlags: 1
  m_CorrespondingSourceObject: {fileID: 0}
  m_PrefabInternal: {fileID: 100100000}
  m_GameObject: {fileID: 1134825943277676}
  m_LocalRotation: {x: 0, y: 0, z: 0, w: 1}
  m_LocalPosition: {x: 0, y: 0, z: 0}
  m_LocalScale: {x: 1, y: 1, z: 1}
  m_Children: []
  m_Father: {fileID: 4096429730527968}
  m_RootOrder: 0
  m_LocalEulerAnglesHint: {x: 0, y: 0, z: 0}
--- !u!4 &4875165933208784
Transform:
  m_ObjectHideFlags: 1
  m_CorrespondingSourceObject: {fileID: 0}
  m_PrefabInternal: {fileID: 100100000}
  m_GameObject: {fileID: 1651831534359414}
  m_LocalRotation: {x: 0, y: 0, z: 0, w: 1}
  m_LocalPosition: {x: 0, y: 0, z: 0}
  m_LocalScale: {x: 1, y: 1, z: 1}
  m_Children:
  - {fileID: 4096429730527968}
  m_Father: {fileID: 4101939141921058}
  m_RootOrder: 0
  m_LocalEulerAnglesHint: {x: 0, y: 0, z: 0}
--- !u!23 &23437258638951754
MeshRenderer:
  m_ObjectHideFlags: 1
  m_CorrespondingSourceObject: {fileID: 0}
  m_PrefabInternal: {fileID: 100100000}
  m_GameObject: {fileID: 1587422815297686}
  m_Enabled: 1
  m_CastShadows: 0
  m_ReceiveShadows: 0
  m_DynamicOccludee: 0
  m_MotionVectors: 2
  m_LightProbeUsage: 0
  m_ReflectionProbeUsage: 0
  m_RenderingLayerMask: 4294967295
  m_Materials:
  - {fileID: 2100000, guid: 657041630571b854fa5b510bc81cbb5b, type: 2}
  m_StaticBatchInfo:
    firstSubMesh: 0
    subMeshCount: 0
  m_StaticBatchRoot: {fileID: 0}
  m_ProbeAnchor: {fileID: 0}
  m_LightProbeVolumeOverride: {fileID: 0}
  m_ScaleInLightmap: 1
  m_PreserveUVs: 0
  m_IgnoreNormalsForChartDetection: 0
  m_ImportantGI: 0
  m_StitchLightmapSeams: 0
  m_SelectedEditorRenderState: 3
  m_MinimumChartSize: 4
  m_AutoUVMaxDistance: 0.5
  m_AutoUVMaxAngle: 89
  m_LightmapParameters: {fileID: 0}
  m_SortingLayerID: 1008690367
  m_SortingLayer: 19
  m_SortingOrder: 0
--- !u!33 &33633795022338182
MeshFilter:
  m_ObjectHideFlags: 1
  m_CorrespondingSourceObject: {fileID: 0}
  m_PrefabInternal: {fileID: 100100000}
  m_GameObject: {fileID: 1587422815297686}
  m_Mesh: {fileID: 0}
--- !u!95 &95274118746729126
Animator:
  serializedVersion: 3
  m_ObjectHideFlags: 1
  m_CorrespondingSourceObject: {fileID: 0}
  m_PrefabInternal: {fileID: 100100000}
  m_GameObject: {fileID: 1587422815297686}
  m_Enabled: 1
  m_Avatar: {fileID: 0}
  m_Controller: {fileID: 22100000, guid: df5b4e959fae64547ad4570f36e8f437, type: 2}
  m_CullingMode: 0
  m_UpdateMode: 0
  m_ApplyRootMotion: 0
  m_LinearVelocityBlending: 0
  m_WarningMessage: 
  m_HasTransformHierarchy: 1
  m_AllowConstantClipSamplingOptimization: 1
  m_KeepAnimatorControllerStateOnDisable: 0
--- !u!114 &114046220471250992
MonoBehaviour:
  m_ObjectHideFlags: 1
  m_CorrespondingSourceObject: {fileID: 0}
  m_PrefabInternal: {fileID: 100100000}
  m_GameObject: {fileID: 1587422815297686}
  m_Enabled: 1
  m_EditorHideFlags: 0
  m_Script: {fileID: 11500000, guid: 419176bab51740d1b374ddd48d87426e, type: 3}
  m_Name: 
  m_EditorClassIdentifier: 
--- !u!114 &114056837969897670
MonoBehaviour:
  m_ObjectHideFlags: 1
  m_CorrespondingSourceObject: {fileID: 0}
  m_PrefabInternal: {fileID: 100100000}
  m_GameObject: {fileID: 1651831534359414}
  m_Enabled: 1
  m_EditorHideFlags: 0
  m_Script: {fileID: 11500000, guid: 6e840e12b75e43ebb2ff33ba71b089e4, type: 3}
  m_Name: 
  m_EditorClassIdentifier: 
--- !u!114 &114065007339825834
MonoBehaviour:
  m_ObjectHideFlags: 1
  m_CorrespondingSourceObject: {fileID: 0}
  m_PrefabInternal: {fileID: 100100000}
  m_GameObject: {fileID: 1587422815297686}
  m_Enabled: 1
  m_EditorHideFlags: 0
  m_Script: {fileID: 11500000, guid: 2e0b49738d78864419d746fb260cea37, type: 3}
  m_Name: 
  m_EditorClassIdentifier: 
  _eventHandler:
    m_PersistentCalls:
      m_Calls:
      - m_Target: {fileID: 114393206874305226}
        m_MethodName: OnAnimationEventOccurred
        m_Mode: 0
        m_Arguments:
          m_ObjectArgument: {fileID: 0}
          m_ObjectArgumentAssemblyTypeName: UnityEngine.Object, UnityEngine
          m_IntArgument: 0
          m_FloatArgument: 0
          m_StringArgument: 
          m_BoolArgument: 0
        m_CallState: 2
    m_TypeName: DreamTeam.Utils.AnimatorToSpineController+EventHandler, Assembly-CSharp,
      Version=0.0.0.0, Culture=neutral, PublicKeyToken=null
  _defaultAnimation: 
--- !u!114 &114122806038137738
MonoBehaviour:
  m_ObjectHideFlags: 1
  m_CorrespondingSourceObject: {fileID: 0}
  m_PrefabInternal: {fileID: 100100000}
  m_GameObject: {fileID: 1134825943277676}
  m_Enabled: 1
  m_EditorHideFlags: 0
  m_Script: {fileID: 11500000, guid: c979ba42367575c4d89b1680c03708fa, type: 3}
  m_Name: 
  m_EditorClassIdentifier: 
  _source: {fileID: 0}
  _playOnEnable: 0
  _destroyOnStop: 0
--- !u!114 &114158885994003278
MonoBehaviour:
  m_ObjectHideFlags: 1
  m_CorrespondingSourceObject: {fileID: 0}
  m_PrefabInternal: {fileID: 100100000}
  m_GameObject: {fileID: 1587422815297686}
  m_Enabled: 1
  m_EditorHideFlags: 0
  m_Script: {fileID: 11500000, guid: 6e840e12b75e43ebb2ff33ba71b089e4, type: 3}
  m_Name: 
  m_EditorClassIdentifier: 
--- !u!114 &114165991653378144
MonoBehaviour:
  m_ObjectHideFlags: 1
  m_CorrespondingSourceObject: {fileID: 0}
  m_PrefabInternal: {fileID: 100100000}
  m_GameObject: {fileID: 1587422815297686}
  m_Enabled: 1
  m_EditorHideFlags: 0
  m_Script: {fileID: 11500000, guid: f63c6db7b70ac7049b38c43a8968db31, type: 3}
  m_Name: 
  m_EditorClassIdentifier: 
  _idle: idle
  _additional:
  - idle_periodic
  _switchOnTime: 1
  _switchTime:
    rangeStart: 10
    rangeEnd: 30
--- !u!114 &114194925614463666
MonoBehaviour:
  m_ObjectHideFlags: 1
  m_CorrespondingSourceObject: {fileID: 0}
  m_PrefabInternal: {fileID: 100100000}
  m_GameObject: {fileID: 1587422815297686}
  m_Enabled: 1
  m_EditorHideFlags: 0
  m_Script: {fileID: 11500000, guid: a578415855494705a64fa947dfe8277e, type: 3}
  m_Name: 
  m_EditorClassIdentifier: 
  _effectMatrixName: _ExplosionEffectTransformation
  _radius: 0.78
  _restoreStateDuration: 0.5
--- !u!114 &114230294265822598
MonoBehaviour:
  m_ObjectHideFlags: 1
  m_CorrespondingSourceObject: {fileID: 0}
  m_PrefabInternal: {fileID: 100100000}
  m_GameObject: {fileID: 1651831534359414}
  m_Enabled: 1
  m_EditorHideFlags: 0
  m_Script: {fileID: 11500000, guid: 02af9eae9388441b974bd2453e2a6770, type: 3}
  m_Name: 
  m_EditorClassIdentifier: 
  _teleportationTriggerName: OnTeleportation
  _teleportingEndTriggerName: OnTeleportingEnd
  _teleportExitStateName: TeleportExit
  _teleportationTypeParamName: TeleportationType
--- !u!114 &114231967724018158
MonoBehaviour:
  m_ObjectHideFlags: 1
  m_CorrespondingSourceObject: {fileID: 0}
  m_PrefabInternal: {fileID: 100100000}
  m_GameObject: {fileID: 1587422815297686}
  m_Enabled: 1
  m_EditorHideFlags: 0
  m_Script: {fileID: 11500000, guid: 5145afe34682486ea4885f2f62be40d9, type: 3}
  m_Name: 
  m_EditorClassIdentifier: 
--- !u!114 &114290043577914404
MonoBehaviour:
  m_ObjectHideFlags: 1
  m_CorrespondingSourceObject: {fileID: 0}
  m_PrefabInternal: {fileID: 100100000}
  m_GameObject: {fileID: 1163604930364374}
  m_Enabled: 1
  m_EditorHideFlags: 0
  m_Script: {fileID: 11500000, guid: 5f29479311d4f2b469490ab605d663e5, type: 3}
  m_Name: 
  m_EditorClassIdentifier: 
--- !u!114 &114305428669373698
MonoBehaviour:
  m_ObjectHideFlags: 1
  m_CorrespondingSourceObject: {fileID: 0}
  m_PrefabInternal: {fileID: 100100000}
  m_GameObject: {fileID: 1163604930364374}
  m_Enabled: 1
  m_EditorHideFlags: 0
  m_Script: {fileID: 11500000, guid: 3709363248e4bcf49993b60ac667612a, type: 3}
  m_Name: 
  m_EditorClassIdentifier: 
  _restrictionTags:
    _chipTags:
    - {fileID: 11400000, guid: 0d6ff59c5d97eb84aa334c9aa6f796c8, type: 2}
  _restrictionFlags: 17
  _tagsIgnoringFlags:
    _chipTags:
    - {fileID: 11400000, guid: 5ba88dfb19c4dba48ad8e15d24bafd52, type: 2}
  _radius: 1
  _impact: -1
--- !u!114 &114342704385610382
MonoBehaviour:
  m_ObjectHideFlags: 1
  m_CorrespondingSourceObject: {fileID: 0}
  m_PrefabInternal: {fileID: 100100000}
  m_GameObject: {fileID: 1587422815297686}
  m_Enabled: 1
  m_EditorHideFlags: 0
  m_Script: {fileID: 11500000, guid: b704f2c9b54c8494e841f7e2945f706b, type: 3}
  m_Name: 
  m_EditorClassIdentifier: 
  _audioController: {fileID: 0}
  _audioEventName: Ping
  _chip: {fileID: 114994782294858818}
  _animations:
  - _animation: ping
    _delay: 0
--- !u!114 &114393206874305226
MonoBehaviour:
  m_ObjectHideFlags: 1
  m_CorrespondingSourceObject: {fileID: 0}
  m_PrefabInternal: {fileID: 100100000}
  m_GameObject: {fileID: 1587422815297686}
  m_Enabled: 1
  m_EditorHideFlags: 0
  m_Script: {fileID: 11500000, guid: d27f4a4d49574366842f963f91f81eb2, type: 3}
  m_Name: 
  m_EditorClassIdentifier: 
  _normalizedTimeParameter: NormalizedTime
--- !u!114 &114536105231438012
MonoBehaviour:
  m_ObjectHideFlags: 1
  m_CorrespondingSourceObject: {fileID: 0}
  m_PrefabInternal: {fileID: 100100000}
  m_GameObject: {fileID: 1163604930364374}
  m_Enabled: 1
  m_EditorHideFlags: 0
  m_Script: {fileID: 11500000, guid: 6364d9ee80cb9e3418be26bd92dbd558, type: 3}
  m_Name: 
  m_EditorClassIdentifier: 
  _maxHealth: 1
  _impactFlags: -1
  _maxEditorHealth: 1
--- !u!114 &114569294021215988
MonoBehaviour:
  m_ObjectHideFlags: 1
  m_CorrespondingSourceObject: {fileID: 0}
  m_PrefabInternal: {fileID: 100100000}
  m_GameObject: {fileID: 1651831534359414}
  m_Enabled: 1
  m_EditorHideFlags: 0
  m_Script: {fileID: 11500000, guid: f71828a90fc0c094da8ccb69a1dd8d41, type: 3}
  m_Name: 
  m_EditorClassIdentifier: 
  _movementSettings: {fileID: 11400000, guid: fba91fe9661d3ad438f5126e234f98e6, type: 2}
--- !u!114 &114649779104340372
MonoBehaviour:
  m_ObjectHideFlags: 1
  m_CorrespondingSourceObject: {fileID: 0}
  m_PrefabInternal: {fileID: 100100000}
  m_GameObject: {fileID: 1587422815297686}
  m_Enabled: 1
  m_EditorHideFlags: 0
  m_Script: {fileID: 11500000, guid: 4d72a628e5a44c889831bfdfc17c5879, type: 3}
  m_Name: 
  m_EditorClassIdentifier: 
  _relativeSortingOrder: 0
--- !u!114 &114688857858781350
MonoBehaviour:
  m_ObjectHideFlags: 1
  m_CorrespondingSourceObject: {fileID: 0}
  m_PrefabInternal: {fileID: 100100000}
  m_GameObject: {fileID: 1651831534359414}
  m_Enabled: 1
  m_EditorHideFlags: 0
  m_Script: {fileID: 11500000, guid: f71828a90fc0c094da8ccb69a1dd8d41, type: 3}
  m_Name: 
  m_EditorClassIdentifier: 
  _movementSettings: {fileID: 11400000, guid: b483870bc499fbd4599d70ac14242261, type: 2}
--- !u!114 &114696928741300954
MonoBehaviour:
  m_ObjectHideFlags: 1
  m_CorrespondingSourceObject: {fileID: 0}
  m_PrefabInternal: {fileID: 100100000}
  m_GameObject: {fileID: 1587422815297686}
  m_Enabled: 1
  m_EditorHideFlags: 0
  m_Script: {fileID: 11500000, guid: 029074d103f11b64898ff7fc46510aac, type: 3}
  m_Name: 
  m_EditorClassIdentifier: 
  _player: {fileID: 114122806038137738}
  _settings: {fileID: 11400000, guid: 6844d832f7e881b4c911261b95257537, type: 2}
--- !u!114 &114719669823611106
MonoBehaviour:
  m_ObjectHideFlags: 1
  m_CorrespondingSourceObject: {fileID: 0}
  m_PrefabInternal: {fileID: 100100000}
  m_GameObject: {fileID: 1651831534359414}
  m_Enabled: 1
  m_EditorHideFlags: 0
  m_Script: {fileID: 11500000, guid: 1ac22603c14e0c64c9e42525b3add47f, type: 3}
  m_Name: 
  m_EditorClassIdentifier: 
  _speed: 12
  _acceleration: 20
  _maxSpeed: 3.4028235e+38
--- !u!114 &114733767268482854
MonoBehaviour:
  m_ObjectHideFlags: 1
  m_CorrespondingSourceObject: {fileID: 0}
  m_PrefabInternal: {fileID: 100100000}
  m_GameObject: {fileID: 1651831534359414}
  m_Enabled: 1
  m_EditorHideFlags: 0
  m_Script: {fileID: 11500000, guid: 67607586d4e048ee9c764e21b390ea19, type: 3}
  m_Name: 
  m_EditorClassIdentifier: 
  _directionTriggerList:
    _serializedKeys: 01000000020000000300000004000000
    _serializedValues:
    - SwapDeniedUp
    - SwapDeniedDown
    - SwapDeniedLeft
    - SwapDeniedRight
--- !u!114 &114784565095730682
MonoBehaviour:
  m_ObjectHideFlags: 1
  m_CorrespondingSourceObject: {fileID: 0}
  m_PrefabInternal: {fileID: 100100000}
  m_GameObject: {fileID: 1163604930364374}
  m_Enabled: 1
  m_EditorHideFlags: 0
  m_Script: {fileID: 11500000, guid: 34b7191c84a6c62489b3904cc715f94a, type: 3}
  m_Name: 
  m_EditorClassIdentifier: 
  _viewSource: {fileID: 4875165933208784}
  _viewTarget: {fileID: 4096429730527968}
--- !u!114 &114798538409393118
MonoBehaviour:
  m_ObjectHideFlags: 1
  m_CorrespondingSourceObject: {fileID: 0}
  m_PrefabInternal: {fileID: 100100000}
  m_GameObject: {fileID: 1587422815297686}
  m_Enabled: 1
  m_EditorHideFlags: 0
  m_Script: {fileID: 11500000, guid: a155d2042d3d4c2db52a922210bea2ae, type: 3}
  m_Name: 
  m_EditorClassIdentifier: 
  _epsilon: 0
--- !u!114 &114814684636024828
MonoBehaviour:
  m_ObjectHideFlags: 1
  m_CorrespondingSourceObject: {fileID: 0}
  m_PrefabInternal: {fileID: 100100000}
  m_GameObject: {fileID: 1587422815297686}
  m_Enabled: 1
  m_EditorHideFlags: 0
  m_Script: {fileID: 11500000, guid: d247ba06193faa74d9335f5481b2b56c, type: 3}
  m_Name: 
  m_EditorClassIdentifier: 
  skeletonDataAsset: {fileID: 11400000, guid: d7b5bad7baed53a43b6a9b9886d38c58, type: 2}
  initialSkinName: default
  initialFlipX: 0
  initialFlipY: 0
  separatorSlotNames: []
  zSpacing: 0
  useClipping: 1
  immutableTriangles: 0
  pmaVertexColors: 0
  clearStateOnDisable: 0
  tintBlack: 0
  singleSubmesh: 0
  addNormals: 0
  calculateTangents: 0
  logErrors: 0
  disableRenderingOnOverride: 1
  _animationName: idle
  loop: 0
  timeScale: 1
--- !u!114 &114824485873091542
MonoBehaviour:
  m_ObjectHideFlags: 1
  m_CorrespondingSourceObject: {fileID: 0}
  m_PrefabInternal: {fileID: 100100000}
  m_GameObject: {fileID: 1163604930364374}
  m_Enabled: 1
  m_EditorHideFlags: 0
  m_Script: {fileID: 11500000, guid: 2cc3debccff86514cbb3218283be6c81, type: 3}
  m_Name: 
  m_EditorClassIdentifier: 
  _tags:
    _chipTags: []
--- !u!114 &114890175826940674
MonoBehaviour:
  m_ObjectHideFlags: 1
  m_CorrespondingSourceObject: {fileID: 0}
  m_PrefabInternal: {fileID: 100100000}
  m_GameObject: {fileID: 1651831534359414}
  m_Enabled: 1
  m_EditorHideFlags: 0
  m_Script: {fileID: 11500000, guid: f0719d0b3e3f940458500cdf7eb52b61, type: 3}
  m_Name: 
  m_EditorClassIdentifier: 
  _chip: {fileID: 114994782294858818}
  _consumptionEffect: {fileID: 1938819078975430, guid: 3c487fbee0f07d34ba5592d9c8918a2e,
    type: 2}
  _impactEffect: {fileID: 0}
  _impactTrigger: OnImpact
  _impactAnimatorState: Impact
  _consumptionAnimatorState: Consuming
  _lockedParameter: IsLocked
  _healthParameter: Health
  _consumptionEffectEvent: ConsumptionEffect
  _consumptionReleaseCellEvent: ConsumptionReleaseCell
  _animationDirectionXParameter: AnimationDirectionX
  _animationDirectionYParameter: AnimationDirectionY
  _idleTypeParamName: IdleType
  _animatorContoller: {fileID: 114393206874305226}
  _appearingTrigger: OnAppear
  _containerImpactTrigger: OnContainerImpact
  _containerImpactAnimatorState: ContainerImpact
--- !u!114 &114976407289848840
MonoBehaviour:
  m_ObjectHideFlags: 1
  m_CorrespondingSourceObject: {fileID: 0}
  m_PrefabInternal: {fileID: 100100000}
  m_GameObject: {fileID: 1651831534359414}
  m_Enabled: 1
  m_EditorHideFlags: 0
  m_Script: {fileID: 11500000, guid: e10e45a69eeb7de4fb84170d7842ca70, type: 3}
  m_Name: 
  m_EditorClassIdentifier: 
  _fallingParameterName: IsFalling
  _speedDecrease: 2
  _minSpeed: 0
--- !u!114 &114994782294858818
MonoBehaviour:
  m_ObjectHideFlags: 1
  m_CorrespondingSourceObject: {fileID: 0}
  m_PrefabInternal: {fileID: 100100000}
  m_GameObject: {fileID: 1163604930364374}
  m_Enabled: 1
  m_EditorHideFlags: 0
  m_Script: {fileID: 11500000, guid: 2b169be93e1cf4eb693719c92860cc21, type: 3}
  m_Name: 
  m_EditorClassIdentifier: 
  _view: {fileID: 114890175826940674}
  _chipTags: {fileID: 114824485873091542}
  _settings: {fileID: 11400000, guid: da7a803c5d199c44aaf5ff6db150229c, type: 2}
--- !u!210 &210872236923709696
SortingGroup:
  m_ObjectHideFlags: 1
  m_CorrespondingSourceObject: {fileID: 0}
  m_PrefabInternal: {fileID: 100100000}
  m_GameObject: {fileID: 1651831534359414}
  m_Enabled: 1
  m_SortingLayerID: 1008690367
  m_SortingLayer: 19
  m_SortingOrder: 0
