%YAML 1.1
%TAG !u! tag:unity3d.com,2011:
--- !u!1001 &100100000
Prefab:
  m_ObjectHideFlags: 1
  serializedVersion: 2
  m_Modification:
    m_TransformParent: {fileID: 0}
    m_Modifications: []
    m_RemovedComponents: []
  m_SourcePrefab: {fileID: 0}
  m_RootGameObject: {fileID: 1412882983692266}
  m_IsPrefabAsset: 1
--- !u!1 &1115337511720278
GameObject:
  m_ObjectHideFlags: 1
  m_CorrespondingSourceObject: {fileID: 0}
  m_PrefabInternal: {fileID: 100100000}
  serializedVersion: 6
  m_Component:
  - component: {fileID: 4588094469854992}
  - component: {fileID: 33208759290886356}
  - component: {fileID: 23532546015437576}
  - component: {fileID: 114521893554347258}
  - component: {fileID: 114404125562321292}
  - component: {fileID: 114922458469630224}
  - component: {fileID: 114003615767777116}
  - component: {fileID: 114759975117531212}
  m_Layer: 0
  m_Name: Box2
  m_TagString: Untagged
  m_Icon: {fileID: 0}
  m_NavMeshLayer: 0
  m_StaticEditorFlags: 0
  m_IsActive: 0
--- !u!1 &1412882983692266
GameObject:
  m_ObjectHideFlags: 0
  m_CorrespondingSourceObject: {fileID: 0}
  m_PrefabInternal: {fileID: 100100000}
  serializedVersion: 6
  m_Component:
  - component: {fileID: 4661896021013924}
  - component: {fileID: 114809524059698544}
  - component: {fileID: 114211386894256998}
  - component: {fileID: 114089542534863280}
  - component: {fileID: 114102573491536564}
  - component: {fileID: 114714038425041694}
  - component: {fileID: 114172252072800346}
  - component: {fileID: 114721116873084546}
  m_Layer: 0
  m_Name: BoxPink
  m_TagString: Untagged
  m_Icon: {fileID: 0}
  m_NavMeshLayer: 0
  m_StaticEditorFlags: 0
  m_IsActive: 1
--- !u!1 &1422111723446966
GameObject:
  m_ObjectHideFlags: 1
  m_CorrespondingSourceObject: {fileID: 0}
  m_PrefabInternal: {fileID: 100100000}
  serializedVersion: 6
  m_Component:
  - component: {fileID: 4223759041633740}
  - component: {fileID: 114379133299933266}
  m_Layer: 0
  m_Name: ChipAudioPlayer
  m_TagString: Untagged
  m_Icon: {fileID: 0}
  m_NavMeshLayer: 0
  m_StaticEditorFlags: 0
  m_IsActive: 1
--- !u!1 &1593948187388002
GameObject:
  m_ObjectHideFlags: 1
  m_CorrespondingSourceObject: {fileID: 0}
  m_PrefabInternal: {fileID: 100100000}
  serializedVersion: 6
  m_Component:
  - component: {fileID: 4518663699428272}
  - component: {fileID: 33107142777078696}
  - component: {fileID: 23648895987873114}
  - component: {fileID: 114572186229594498}
  - component: {fileID: 114780632563048650}
  - component: {fileID: 114481601876852900}
  - component: {fileID: 114426647121518964}
  - component: {fileID: 114432396893215200}
  m_Layer: 0
  m_Name: Box
  m_TagString: Untagged
  m_Icon: {fileID: 0}
  m_NavMeshLayer: 0
  m_StaticEditorFlags: 0
  m_IsActive: 1
--- !u!1 &1757400522011162
GameObject:
  m_ObjectHideFlags: 1
  m_CorrespondingSourceObject: {fileID: 0}
  m_PrefabInternal: {fileID: 100100000}
  serializedVersion: 6
  m_Component:
  - component: {fileID: 4875602562601698}
  - component: {fileID: 33433716757356416}
  - component: {fileID: 23346313408380966}
  - component: {fileID: 114450859001075282}
  - component: {fileID: 114392390596990630}
  - component: {fileID: 114960074624976470}
  - component: {fileID: 114947170862228894}
  - component: {fileID: 114872394587020704}
  m_Layer: 0
  m_Name: Box3
  m_TagString: Untagged
  m_Icon: {fileID: 0}
  m_NavMeshLayer: 0
  m_StaticEditorFlags: 0
  m_IsActive: 0
--- !u!1 &1766117115646300
GameObject:
  m_ObjectHideFlags: 1
  m_CorrespondingSourceObject: {fileID: 0}
  m_PrefabInternal: {fileID: 100100000}
  serializedVersion: 6
  m_Component:
  - component: {fileID: 4857571504937934}
  - component: {fileID: 114512810474415302}
  - component: {fileID: 114690117384497150}
  - component: {fileID: 95289316412931338}
  - component: {fileID: 114932832374570634}
  - component: {fileID: 114708511552441192}
  - component: {fileID: 114784695309135350}
  - component: {fileID: 114140715780815686}
  m_Layer: 0
  m_Name: View
  m_TagString: Untagged
  m_Icon: {fileID: 0}
  m_NavMeshLayer: 0
  m_StaticEditorFlags: 0
  m_IsActive: 1
--- !u!1 &1915450972804726
GameObject:
  m_ObjectHideFlags: 0
  m_CorrespondingSourceObject: {fileID: 0}
  m_PrefabInternal: {fileID: 100100000}
  serializedVersion: 6
  m_Component:
  - component: {fileID: 4370705335222730}
  - component: {fileID: 114043862777957662}
  - component: {fileID: 114269314812960194}
  - component: {fileID: 114280096914564032}
  - component: {fileID: 114949624302187928}
  - component: {fileID: 210072961282952862}
  - component: {fileID: 114564068749303942}
  - component: {fileID: 114716427225515694}
  - component: {fileID: 114426760119824078}
  - component: {fileID: 114920189334314176}
  m_Layer: 0
  m_Name: BoxPinkPresenter
  m_TagString: Untagged
  m_Icon: {fileID: 0}
  m_NavMeshLayer: 0
  m_StaticEditorFlags: 0
  m_IsActive: 1
--- !u!4 &4223759041633740
Transform:
  m_ObjectHideFlags: 1
  m_CorrespondingSourceObject: {fileID: 0}
  m_PrefabInternal: {fileID: 100100000}
  m_GameObject: {fileID: 1422111723446966}
  m_LocalRotation: {x: -0, y: -0, z: -0, w: 1}
  m_LocalPosition: {x: 0, y: 0, z: 0}
  m_LocalScale: {x: 1, y: 1, z: 1}
  m_Children: []
  m_Father: {fileID: 4857571504937934}
  m_RootOrder: 0
  m_LocalEulerAnglesHint: {x: 0, y: 0, z: 0}
--- !u!4 &4370705335222730
Transform:
  m_ObjectHideFlags: 1
  m_CorrespondingSourceObject: {fileID: 0}
  m_PrefabInternal: {fileID: 100100000}
  m_GameObject: {fileID: 1915450972804726}
  m_LocalRotation: {x: 0, y: 0, z: 0, w: 1}
  m_LocalPosition: {x: 0, y: 0, z: 0}
  m_LocalScale: {x: 1, y: 1, z: 1}
  m_Children:
  - {fileID: 4857571504937934}
  m_Father: {fileID: 4661896021013924}
  m_RootOrder: 0
  m_LocalEulerAnglesHint: {x: 0, y: 0, z: 0}
--- !u!4 &4518663699428272
Transform:
  m_ObjectHideFlags: 1
  m_CorrespondingSourceObject: {fileID: 0}
  m_PrefabInternal: {fileID: 100100000}
  m_GameObject: {fileID: 1593948187388002}
  m_LocalRotation: {x: -0, y: -0, z: -0, w: 1}
  m_LocalPosition: {x: 0, y: 0, z: 0}
  m_LocalScale: {x: 1, y: 1, z: 1}
  m_Children: []
  m_Father: {fileID: 4857571504937934}
  m_RootOrder: 1
  m_LocalEulerAnglesHint: {x: 0, y: 0, z: 0}
--- !u!4 &4588094469854992
Transform:
  m_ObjectHideFlags: 1
  m_CorrespondingSourceObject: {fileID: 0}
  m_PrefabInternal: {fileID: 100100000}
  m_GameObject: {fileID: 1115337511720278}
  m_LocalRotation: {x: -0, y: -0, z: -0, w: 1}
  m_LocalPosition: {x: 0, y: 0, z: 0}
  m_LocalScale: {x: 1, y: 1, z: 1}
  m_Children: []
  m_Father: {fileID: 4857571504937934}
  m_RootOrder: 2
  m_LocalEulerAnglesHint: {x: 0, y: 0, z: 0}
--- !u!4 &4661896021013924
Transform:
  m_ObjectHideFlags: 1
  m_CorrespondingSourceObject: {fileID: 0}
  m_PrefabInternal: {fileID: 100100000}
  m_GameObject: {fileID: 1412882983692266}
  m_LocalRotation: {x: -0, y: -0, z: -0, w: 1}
  m_LocalPosition: {x: 0, y: 0, z: 0}
  m_LocalScale: {x: 1, y: 1, z: 1}
  m_Children:
  - {fileID: 4370705335222730}
  m_Father: {fileID: 0}
  m_RootOrder: 0
  m_LocalEulerAnglesHint: {x: 0, y: 0, z: 0}
--- !u!4 &4857571504937934
Transform:
  m_ObjectHideFlags: 1
  m_CorrespondingSourceObject: {fileID: 0}
  m_PrefabInternal: {fileID: 100100000}
  m_GameObject: {fileID: 1766117115646300}
  m_LocalRotation: {x: -0, y: -0, z: -0, w: 1}
  m_LocalPosition: {x: 0, y: 0, z: 0}
  m_LocalScale: {x: 1, y: 1, z: 1}
  m_Children:
  - {fileID: 4223759041633740}
  - {fileID: 4518663699428272}
  - {fileID: 4588094469854992}
  - {fileID: 4875602562601698}
  m_Father: {fileID: 4370705335222730}
  m_RootOrder: 0
  m_LocalEulerAnglesHint: {x: 0, y: 0, z: 0}
--- !u!4 &4875602562601698
Transform:
  m_ObjectHideFlags: 1
  m_CorrespondingSourceObject: {fileID: 0}
  m_PrefabInternal: {fileID: 100100000}
  m_GameObject: {fileID: 1757400522011162}
  m_LocalRotation: {x: -0, y: -0, z: -0, w: 1}
  m_LocalPosition: {x: 0, y: 0, z: 0}
  m_LocalScale: {x: 1, y: 1, z: 1}
  m_Children: []
  m_Father: {fileID: 4857571504937934}
  m_RootOrder: 3
  m_LocalEulerAnglesHint: {x: 0, y: 0, z: 0}
--- !u!23 &23346313408380966
MeshRenderer:
  m_ObjectHideFlags: 1
  m_CorrespondingSourceObject: {fileID: 0}
  m_PrefabInternal: {fileID: 100100000}
  m_GameObject: {fileID: 1757400522011162}
  m_Enabled: 1
  m_CastShadows: 0
  m_ReceiveShadows: 0
  m_DynamicOccludee: 0
  m_MotionVectors: 2
  m_LightProbeUsage: 0
  m_ReflectionProbeUsage: 0
  m_RenderingLayerMask: 4294967295
  m_Materials:
  - {fileID: 2100000, guid: f9aecf8eb53542d489e28d004b4a9a78, type: 2}
  m_StaticBatchInfo:
    firstSubMesh: 0
    subMeshCount: 0
  m_StaticBatchRoot: {fileID: 0}
  m_ProbeAnchor: {fileID: 0}
  m_LightProbeVolumeOverride: {fileID: 0}
  m_ScaleInLightmap: 1
  m_PreserveUVs: 0
  m_IgnoreNormalsForChartDetection: 0
  m_ImportantGI: 0
  m_StitchLightmapSeams: 0
  m_SelectedEditorRenderState: 3
  m_MinimumChartSize: 4
  m_AutoUVMaxDistance: 0.5
  m_AutoUVMaxAngle: 89
  m_LightmapParameters: {fileID: 0}
  m_SortingLayerID: 1008690367
  m_SortingLayer: 19
  m_SortingOrder: 3
--- !u!23 &23532546015437576
MeshRenderer:
  m_ObjectHideFlags: 1
  m_CorrespondingSourceObject: {fileID: 0}
  m_PrefabInternal: {fileID: 100100000}
  m_GameObject: {fileID: 1115337511720278}
  m_Enabled: 1
  m_CastShadows: 0
  m_ReceiveShadows: 0
  m_DynamicOccludee: 0
  m_MotionVectors: 2
  m_LightProbeUsage: 0
  m_ReflectionProbeUsage: 0
  m_RenderingLayerMask: 4294967295
  m_Materials:
  - {fileID: 2100000, guid: f9aecf8eb53542d489e28d004b4a9a78, type: 2}
  m_StaticBatchInfo:
    firstSubMesh: 0
    subMeshCount: 0
  m_StaticBatchRoot: {fileID: 0}
  m_ProbeAnchor: {fileID: 0}
  m_LightProbeVolumeOverride: {fileID: 0}
  m_ScaleInLightmap: 1
  m_PreserveUVs: 0
  m_IgnoreNormalsForChartDetection: 0
  m_ImportantGI: 0
  m_StitchLightmapSeams: 0
  m_SelectedEditorRenderState: 3
  m_MinimumChartSize: 4
  m_AutoUVMaxDistance: 0.5
  m_AutoUVMaxAngle: 89
  m_LightmapParameters: {fileID: 0}
  m_SortingLayerID: 1008690367
  m_SortingLayer: 19
  m_SortingOrder: 2
--- !u!23 &23648895987873114
MeshRenderer:
  m_ObjectHideFlags: 1
  m_CorrespondingSourceObject: {fileID: 0}
  m_PrefabInternal: {fileID: 100100000}
  m_GameObject: {fileID: 1593948187388002}
  m_Enabled: 1
  m_CastShadows: 0
  m_ReceiveShadows: 0
  m_DynamicOccludee: 0
  m_MotionVectors: 2
  m_LightProbeUsage: 0
  m_ReflectionProbeUsage: 0
  m_RenderingLayerMask: 4294967295
  m_Materials:
  - {fileID: 2100000, guid: f9aecf8eb53542d489e28d004b4a9a78, type: 2}
  m_StaticBatchInfo:
    firstSubMesh: 0
    subMeshCount: 0
  m_StaticBatchRoot: {fileID: 0}
  m_ProbeAnchor: {fileID: 0}
  m_LightProbeVolumeOverride: {fileID: 0}
  m_ScaleInLightmap: 1
  m_PreserveUVs: 0
  m_IgnoreNormalsForChartDetection: 0
  m_ImportantGI: 0
  m_StitchLightmapSeams: 0
  m_SelectedEditorRenderState: 3
  m_MinimumChartSize: 4
  m_AutoUVMaxDistance: 0.5
  m_AutoUVMaxAngle: 89
  m_LightmapParameters: {fileID: 0}
  m_SortingLayerID: 1008690367
  m_SortingLayer: 19
  m_SortingOrder: 1
--- !u!33 &33107142777078696
MeshFilter:
  m_ObjectHideFlags: 1
  m_CorrespondingSourceObject: {fileID: 0}
  m_PrefabInternal: {fileID: 100100000}
  m_GameObject: {fileID: 1593948187388002}
  m_Mesh: {fileID: 0}
--- !u!33 &33208759290886356
MeshFilter:
  m_ObjectHideFlags: 1
  m_CorrespondingSourceObject: {fileID: 0}
  m_PrefabInternal: {fileID: 100100000}
  m_GameObject: {fileID: 1115337511720278}
  m_Mesh: {fileID: 0}
--- !u!33 &33433716757356416
MeshFilter:
  m_ObjectHideFlags: 1
  m_CorrespondingSourceObject: {fileID: 0}
  m_PrefabInternal: {fileID: 100100000}
  m_GameObject: {fileID: 1757400522011162}
  m_Mesh: {fileID: 0}
--- !u!95 &95289316412931338
Animator:
  serializedVersion: 3
  m_ObjectHideFlags: 1
  m_CorrespondingSourceObject: {fileID: 0}
  m_PrefabInternal: {fileID: 100100000}
  m_GameObject: {fileID: 1766117115646300}
  m_Enabled: 1
  m_Avatar: {fileID: 0}
  m_Controller: {fileID: 22100000, guid: 55953a8bb0fe2fd4da0f8cfbfeb71b37, type: 2}
  m_CullingMode: 0
  m_UpdateMode: 0
  m_ApplyRootMotion: 0
  m_LinearVelocityBlending: 0
  m_WarningMessage: 
  m_HasTransformHierarchy: 1
  m_AllowConstantClipSamplingOptimization: 1
  m_KeepAnimatorControllerStateOnDisable: 0
--- !u!114 &114003615767777116
MonoBehaviour:
  m_ObjectHideFlags: 1
  m_CorrespondingSourceObject: {fileID: 0}
  m_PrefabInternal: {fileID: 100100000}
  m_GameObject: {fileID: 1115337511720278}
  m_Enabled: 1
  m_EditorHideFlags: 0
  m_Script: {fileID: 11500000, guid: b704f2c9b54c8494e841f7e2945f706b, type: 3}
  m_Name: 
  m_EditorClassIdentifier: 
  _audioController: {fileID: 0}
  _audioEventName: Ping
  _chip: {fileID: 114809524059698544}
  _animations:
  - _animation: ping2
    _delay: 0
--- !u!114 &114043862777957662
MonoBehaviour:
  m_ObjectHideFlags: 1
  m_CorrespondingSourceObject: {fileID: 0}
  m_PrefabInternal: {fileID: 100100000}
  m_GameObject: {fileID: 1915450972804726}
  m_Enabled: 1
  m_EditorHideFlags: 0
  m_Script: {fileID: 11500000, guid: f0719d0b3e3f940458500cdf7eb52b61, type: 3}
  m_Name: 
  m_EditorClassIdentifier: 
  _chip: {fileID: 114809524059698544}
  _consumptionEffect: {fileID: 0}
  _impactEffect: {fileID: 0}
  _impactTrigger: 
  _impactAnimatorState: Impact
  _consumptionAnimatorState: Consuming
  _lockedParameter: IsLocked
  _healthParameter: Health
  _consumptionEffectEvent: ConsumptionEffect
  _consumptionReleaseCellEvent: ConsumptionReleaseCell
  _animationDirectionXParameter: AnimationDirectionX
  _animationDirectionYParameter: AnimationDirectionY
  _idleTypeParamName: IdleType
  _animatorContoller: {fileID: 114932832374570634}
  _appearingTrigger: OnAppear
  _containerImpactTrigger: OnContainerImpact
  _containerImpactAnimatorState: ContainerImpact
--- !u!114 &114089542534863280
MonoBehaviour:
  m_ObjectHideFlags: 1
  m_CorrespondingSourceObject: {fileID: 0}
  m_PrefabInternal: {fileID: 100100000}
  m_GameObject: {fileID: 1412882983692266}
  m_Enabled: 1
  m_EditorHideFlags: 0
  m_Script: {fileID: 11500000, guid: 2cc3debccff86514cbb3218283be6c81, type: 3}
  m_Name: 
  m_EditorClassIdentifier: 
  _tags:
    _chipTags: []
--- !u!114 &114102573491536564
MonoBehaviour:
  m_ObjectHideFlags: 1
  m_CorrespondingSourceObject: {fileID: 0}
  m_PrefabInternal: {fileID: 100100000}
  m_GameObject: {fileID: 1412882983692266}
  m_Enabled: 1
  m_EditorHideFlags: 0
  m_Script: {fileID: 11500000, guid: 6364d9ee80cb9e3418be26bd92dbd558, type: 3}
  m_Name: 
  m_EditorClassIdentifier: 
  _maxHealth: 1
  _impactFlags: -1
  _maxEditorHealth: 3
--- !u!114 &114140715780815686
MonoBehaviour:
  m_ObjectHideFlags: 1
  m_CorrespondingSourceObject: {fileID: 0}
  m_PrefabInternal: {fileID: 100100000}
  m_GameObject: {fileID: 1766117115646300}
  m_Enabled: 1
  m_EditorHideFlags: 0
  m_Script: {fileID: 11500000, guid: 029074d103f11b64898ff7fc46510aac, type: 3}
  m_Name: 
  m_EditorClassIdentifier: 
  _player: {fileID: 114379133299933266}
  _settings: {fileID: 11400000, guid: c4836ff33969f4146b6cffd134025805, type: 2}
--- !u!114 &114172252072800346
MonoBehaviour:
  m_ObjectHideFlags: 1
  m_CorrespondingSourceObject: {fileID: 0}
  m_PrefabInternal: {fileID: 100100000}
  m_GameObject: {fileID: 1412882983692266}
  m_Enabled: 1
  m_EditorHideFlags: 0
  m_Script: {fileID: 11500000, guid: 34b7191c84a6c62489b3904cc715f94a, type: 3}
  m_Name: 
  m_EditorClassIdentifier: 
  _viewSource: {fileID: 4370705335222730}
  _viewTarget: {fileID: 4857571504937934}
--- !u!114 &114211386894256998
MonoBehaviour:
  m_ObjectHideFlags: 1
  m_CorrespondingSourceObject: {fileID: 0}
  m_PrefabInternal: {fileID: 100100000}
  m_GameObject: {fileID: 1412882983692266}
  m_Enabled: 1
  m_EditorHideFlags: 0
  m_Script: {fileID: 11500000, guid: 0e1cf4fbdf92a1a4687baf8566ec9792, type: 3}
  m_Name: 
  m_EditorClassIdentifier: 
  _chip: {fileID: 0}
  _chipVisibilityRestriction:
    _chipTags: []
--- !u!114 &114269314812960194
MonoBehaviour:
  m_ObjectHideFlags: 1
  m_CorrespondingSourceObject: {fileID: 0}
  m_PrefabInternal: {fileID: 100100000}
  m_GameObject: {fileID: 1915450972804726}
  m_Enabled: 1
  m_EditorHideFlags: 0
  m_Script: {fileID: 11500000, guid: f039cab5078d9134c8bedc0d7a5ca57c, type: 3}
  m_Name: 
  m_EditorClassIdentifier: 
  _groups:
  - handleHide: 1
    hideParticlesPrefab: {fileID: 0}
    parts: []
  - handleHide: 1
    hideParticlesPrefab: {fileID: 0}
    parts:
    - {fileID: 1593948187388002}
  - handleHide: 1
    hideParticlesPrefab: {fileID: 0}
    parts:
    - {fileID: 1593948187388002}
    - {fileID: 1115337511720278}
  - handleHide: 1
    hideParticlesPrefab: {fileID: 0}
    parts:
    - {fileID: 1593948187388002}
    - {fileID: 1115337511720278}
    - {fileID: 1757400522011162}
  _updateStateOnHealthChanges: 1
  _impactAnimTemplate: impact{0}
  _consumptionAnimTemplate: consumption{0}
  _periodicAnimInterval:
    _minLimit: 0
    _maxLimit: 10
    _minValue: 2.5
    _maxValue: 7.5
  _idleAnimTemplate: idle{0}
  _periodicAnimTemplate: idle{0}_periodic
--- !u!114 &114280096914564032
MonoBehaviour:
  m_ObjectHideFlags: 1
  m_CorrespondingSourceObject: {fileID: 0}
  m_PrefabInternal: {fileID: 100100000}
  m_GameObject: {fileID: 1915450972804726}
  m_Enabled: 1
  m_EditorHideFlags: 0
  m_Script: {fileID: 11500000, guid: 6e840e12b75e43ebb2ff33ba71b089e4, type: 3}
  m_Name: 
  m_EditorClassIdentifier: 
--- !u!114 &114379133299933266
MonoBehaviour:
  m_ObjectHideFlags: 1
  m_CorrespondingSourceObject: {fileID: 0}
  m_PrefabInternal: {fileID: 100100000}
  m_GameObject: {fileID: 1422111723446966}
  m_Enabled: 1
  m_EditorHideFlags: 0
  m_Script: {fileID: 11500000, guid: c979ba42367575c4d89b1680c03708fa, type: 3}
  m_Name: 
  m_EditorClassIdentifier: 
  _source: {fileID: 0}
  _playOnEnable: 0
  _destroyOnStop: 0
--- !u!114 &114392390596990630
MonoBehaviour:
  m_ObjectHideFlags: 1
  m_CorrespondingSourceObject: {fileID: 0}
  m_PrefabInternal: {fileID: 100100000}
  m_GameObject: {fileID: 1757400522011162}
  m_Enabled: 1
  m_EditorHideFlags: 0
  m_Script: {fileID: 11500000, guid: 6e840e12b75e43ebb2ff33ba71b089e4, type: 3}
  m_Name: 
  m_EditorClassIdentifier: 
--- !u!114 &114404125562321292
MonoBehaviour:
  m_ObjectHideFlags: 1
  m_CorrespondingSourceObject: {fileID: 0}
  m_PrefabInternal: {fileID: 100100000}
  m_GameObject: {fileID: 1115337511720278}
  m_Enabled: 1
  m_EditorHideFlags: 0
  m_Script: {fileID: 11500000, guid: 6e840e12b75e43ebb2ff33ba71b089e4, type: 3}
  m_Name: 
  m_EditorClassIdentifier: 
--- !u!114 &114426647121518964
MonoBehaviour:
  m_ObjectHideFlags: 1
  m_CorrespondingSourceObject: {fileID: 0}
  m_PrefabInternal: {fileID: 100100000}
  m_GameObject: {fileID: 1593948187388002}
  m_Enabled: 1
  m_EditorHideFlags: 0
  m_Script: {fileID: 11500000, guid: b704f2c9b54c8494e841f7e2945f706b, type: 3}
  m_Name: 
  m_EditorClassIdentifier: 
  _audioController: {fileID: 0}
  _audioEventName: Ping
  _chip: {fileID: 114809524059698544}
  _animations:
  - _animation: ping1
    _delay: 0
--- !u!114 &114426760119824078
MonoBehaviour:
  m_ObjectHideFlags: 1
  m_CorrespondingSourceObject: {fileID: 0}
  m_PrefabInternal: {fileID: 100100000}
  m_GameObject: {fileID: 1915450972804726}
  m_Enabled: 1
  m_EditorHideFlags: 0
  m_Script: {fileID: 11500000, guid: c27a48583f9e47918d0a2aeec670cc86, type: 3}
  m_Name: 
  m_EditorClassIdentifier: 
  _childChipSortingOrderOffset: -20
--- !u!114 &114432396893215200
MonoBehaviour:
  m_ObjectHideFlags: 1
  m_CorrespondingSourceObject: {fileID: 0}
  m_PrefabInternal: {fileID: 100100000}
  m_GameObject: {fileID: 1593948187388002}
  m_Enabled: 1
  m_EditorHideFlags: 0
  m_Script: {fileID: 11500000, guid: c979ba42367575c4d89b1680c03708fa, type: 3}
  m_Name: 
  m_EditorClassIdentifier: 
  _source: {fileID: 82913570830883884, guid: 58daadc78723aa740b90e3109e927b7b, type: 2}
  _playOnEnable: 0
  _destroyOnStop: 0
--- !u!114 &114450859001075282
MonoBehaviour:
  m_ObjectHideFlags: 1
  m_CorrespondingSourceObject: {fileID: 0}
  m_PrefabInternal: {fileID: 100100000}
  m_GameObject: {fileID: 1757400522011162}
  m_Enabled: 1
  m_EditorHideFlags: 0
  m_Script: {fileID: 11500000, guid: d247ba06193faa74d9335f5481b2b56c, type: 3}
  m_Name: 
  m_EditorClassIdentifier: 
  skeletonDataAsset: {fileID: 11400000, guid: 30b6bc7a1ed6b1a489e7d6244632fcee, type: 2}
  initialSkinName: pinkbox
  initialFlipX: 0
  initialFlipY: 0
  separatorSlotNames: []
  zSpacing: 0
  useClipping: 1
  immutableTriangles: 0
  pmaVertexColors: 0
  clearStateOnDisable: 0
  tintBlack: 0
  singleSubmesh: 0
  addNormals: 0
  calculateTangents: 0
  logErrors: 0
  disableRenderingOnOverride: 1
  _animationName: idle3
  loop: 0
  timeScale: 1
--- !u!114 &114481601876852900
MonoBehaviour:
  m_ObjectHideFlags: 1
  m_CorrespondingSourceObject: {fileID: 0}
  m_PrefabInternal: {fileID: 100100000}
  m_GameObject: {fileID: 1593948187388002}
  m_Enabled: 1
  m_EditorHideFlags: 0
  m_Script: {fileID: 11500000, guid: 4d72a628e5a44c889831bfdfc17c5879, type: 3}
  m_Name: 
  m_EditorClassIdentifier: 
  _relativeSortingOrder: 1
--- !u!114 &114512810474415302
MonoBehaviour:
  m_ObjectHideFlags: 1
  m_CorrespondingSourceObject: {fileID: 0}
  m_PrefabInternal: {fileID: 100100000}
  m_GameObject: {fileID: 1766117115646300}
  m_Enabled: 1
  m_EditorHideFlags: 0
  m_Script: {fileID: 11500000, guid: 419176bab51740d1b374ddd48d87426e, type: 3}
  m_Name: 
  m_EditorClassIdentifier: 
--- !u!114 &114521893554347258
MonoBehaviour:
  m_ObjectHideFlags: 1
  m_CorrespondingSourceObject: {fileID: 0}
  m_PrefabInternal: {fileID: 100100000}
  m_GameObject: {fileID: 1115337511720278}
  m_Enabled: 1
  m_EditorHideFlags: 0
  m_Script: {fileID: 11500000, guid: d247ba06193faa74d9335f5481b2b56c, type: 3}
  m_Name: 
  m_EditorClassIdentifier: 
  skeletonDataAsset: {fileID: 11400000, guid: 30b6bc7a1ed6b1a489e7d6244632fcee, type: 2}
  initialSkinName: pinkbox
  initialFlipX: 0
  initialFlipY: 0
  separatorSlotNames: []
  zSpacing: 0
  useClipping: 1
  immutableTriangles: 0
  pmaVertexColors: 0
  clearStateOnDisable: 0
  tintBlack: 0
  singleSubmesh: 0
  addNormals: 0
  calculateTangents: 0
  logErrors: 0
  disableRenderingOnOverride: 1
  _animationName: idle2
  loop: 0
  timeScale: 1
--- !u!114 &114564068749303942
MonoBehaviour:
  m_ObjectHideFlags: 1
  m_CorrespondingSourceObject: {fileID: 0}
  m_PrefabInternal: {fileID: 100100000}
  m_GameObject: {fileID: 1915450972804726}
  m_Enabled: 1
  m_EditorHideFlags: 0
  m_Script: {fileID: 11500000, guid: 02af9eae9388441b974bd2453e2a6770, type: 3}
  m_Name: 
  m_EditorClassIdentifier: 
  _teleportationTriggerName: OnTeleportation
  _teleportingEndTriggerName: OnTeleportingEnd
  _teleportExitStateName: TeleportExit
  _teleportationTypeParamName: TeleportationType
--- !u!114 &114572186229594498
MonoBehaviour:
  m_ObjectHideFlags: 1
  m_CorrespondingSourceObject: {fileID: 0}
  m_PrefabInternal: {fileID: 100100000}
  m_GameObject: {fileID: 1593948187388002}
  m_Enabled: 1
  m_EditorHideFlags: 0
  m_Script: {fileID: 11500000, guid: d247ba06193faa74d9335f5481b2b56c, type: 3}
  m_Name: 
  m_EditorClassIdentifier: 
  skeletonDataAsset: {fileID: 11400000, guid: 30b6bc7a1ed6b1a489e7d6244632fcee, type: 2}
  initialSkinName: pinkbox
  initialFlipX: 0
  initialFlipY: 0
  separatorSlotNames: []
  zSpacing: 0
  useClipping: 1
  immutableTriangles: 0
  pmaVertexColors: 0
  clearStateOnDisable: 0
  tintBlack: 0
  singleSubmesh: 0
  addNormals: 0
  calculateTangents: 0
  logErrors: 0
  disableRenderingOnOverride: 1
  _animationName: idle1
  loop: 0
  timeScale: 1
--- !u!114 &114690117384497150
MonoBehaviour:
  m_ObjectHideFlags: 1
  m_CorrespondingSourceObject: {fileID: 0}
  m_PrefabInternal: {fileID: 100100000}
  m_GameObject: {fileID: 1766117115646300}
  m_Enabled: 1
  m_EditorHideFlags: 0
  m_Script: {fileID: 11500000, guid: a155d2042d3d4c2db52a922210bea2ae, type: 3}
  m_Name: 
  m_EditorClassIdentifier: 
  _epsilon: 0
--- !u!114 &114708511552441192
MonoBehaviour:
  m_ObjectHideFlags: 1
  m_CorrespondingSourceObject: {fileID: 0}
  m_PrefabInternal: {fileID: 100100000}
  m_GameObject: {fileID: 1766117115646300}
  m_Enabled: 1
  m_EditorHideFlags: 0
  m_Script: {fileID: 11500000, guid: a578415855494705a64fa947dfe8277e, type: 3}
  m_Name: 
  m_EditorClassIdentifier: 
  _effectMatrixName: _ExplosionEffectTransformation
  _radius: 0.78
  _restoreStateDuration: 0.5
--- !u!114 &114714038425041694
MonoBehaviour:
  m_ObjectHideFlags: 1
  m_CorrespondingSourceObject: {fileID: 0}
  m_PrefabInternal: {fileID: 100100000}
  m_GameObject: {fileID: 1412882983692266}
  m_Enabled: 1
  m_EditorHideFlags: 0
  m_Script: {fileID: 11500000, guid: 3709363248e4bcf49993b60ac667612a, type: 3}
  m_Name: 
  m_EditorClassIdentifier: 
  _restrictionTags:
    _chipTags:
    - {fileID: 11400000, guid: f4dd1f597d57d5a439695d1083ce7ac6, type: 2}
  _restrictionFlags: 17
  _tagsIgnoringFlags:
    _chipTags:
    - {fileID: 11400000, guid: 5ba88dfb19c4dba48ad8e15d24bafd52, type: 2}
  _radius: 1
  _impact: -1
--- !u!114 &114716427225515694
MonoBehaviour:
  m_ObjectHideFlags: 1
  m_CorrespondingSourceObject: {fileID: 0}
  m_PrefabInternal: {fileID: 100100000}
  m_GameObject: {fileID: 1915450972804726}
  m_Enabled: 1
  m_EditorHideFlags: 0
  m_Script: {fileID: 11500000, guid: 323f8c4f8704d2e48906f7aab63e8616, type: 3}
  m_Name: 
  m_EditorClassIdentifier: 
--- !u!114 &114721116873084546
MonoBehaviour:
  m_ObjectHideFlags: 1
  m_CorrespondingSourceObject: {fileID: 0}
  m_PrefabInternal: {fileID: 100100000}
  m_GameObject: {fileID: 1412882983692266}
  m_Enabled: 1
  m_EditorHideFlags: 0
  m_Script: {fileID: 11500000, guid: 5f29479311d4f2b469490ab605d663e5, type: 3}
  m_Name: 
  m_EditorClassIdentifier: 
--- !u!114 &114759975117531212
MonoBehaviour:
  m_ObjectHideFlags: 1
  m_CorrespondingSourceObject: {fileID: 0}
  m_PrefabInternal: {fileID: 100100000}
  m_GameObject: {fileID: 1115337511720278}
  m_Enabled: 1
  m_EditorHideFlags: 0
  m_Script: {fileID: 11500000, guid: c979ba42367575c4d89b1680c03708fa, type: 3}
  m_Name: 
  m_EditorClassIdentifier: 
  _source: {fileID: 82913570830883884, guid: 2955f05184b1e52489494a100f1a2eb4, type: 2}
  _playOnEnable: 0
  _destroyOnStop: 0
--- !u!114 &114780632563048650
MonoBehaviour:
  m_ObjectHideFlags: 1
  m_CorrespondingSourceObject: {fileID: 0}
  m_PrefabInternal: {fileID: 100100000}
  m_GameObject: {fileID: 1593948187388002}
  m_Enabled: 1
  m_EditorHideFlags: 0
  m_Script: {fileID: 11500000, guid: 6e840e12b75e43ebb2ff33ba71b089e4, type: 3}
  m_Name: 
  m_EditorClassIdentifier: 
--- !u!114 &114784695309135350
MonoBehaviour:
  m_ObjectHideFlags: 1
  m_CorrespondingSourceObject: {fileID: 0}
  m_PrefabInternal: {fileID: 100100000}
  m_GameObject: {fileID: 1766117115646300}
  m_Enabled: 1
  m_EditorHideFlags: 0
  m_Script: {fileID: 11500000, guid: c979ba42367575c4d89b1680c03708fa, type: 3}
  m_Name: 
  m_EditorClassIdentifier: 
  _source: {fileID: 0}
  _playOnEnable: 0
  _destroyOnStop: 0
--- !u!114 &114809524059698544
MonoBehaviour:
  m_ObjectHideFlags: 1
  m_CorrespondingSourceObject: {fileID: 0}
  m_PrefabInternal: {fileID: 100100000}
  m_GameObject: {fileID: 1412882983692266}
  m_Enabled: 1
  m_EditorHideFlags: 0
  m_Script: {fileID: 11500000, guid: 2b169be93e1cf4eb693719c92860cc21, type: 3}
  m_Name: 
  m_EditorClassIdentifier: 
  _view: {fileID: 114043862777957662}
  _chipTags: {fileID: 114089542534863280}
  _settings: {fileID: 11400000, guid: 5be15754b5764cd4984b120b73f4fb4b, type: 2}
--- !u!114 &114872394587020704
MonoBehaviour:
  m_ObjectHideFlags: 1
  m_CorrespondingSourceObject: {fileID: 0}
  m_PrefabInternal: {fileID: 100100000}
  m_GameObject: {fileID: 1757400522011162}
  m_Enabled: 1
  m_EditorHideFlags: 0
  m_Script: {fileID: 11500000, guid: c979ba42367575c4d89b1680c03708fa, type: 3}
  m_Name: 
  m_EditorClassIdentifier: 
  _source: {fileID: 82913570830883884, guid: 2955f05184b1e52489494a100f1a2eb4, type: 2}
  _playOnEnable: 0
  _destroyOnStop: 0
--- !u!114 &114920189334314176
MonoBehaviour:
  m_ObjectHideFlags: 1
  m_CorrespondingSourceObject: {fileID: 0}
  m_PrefabInternal: {fileID: 100100000}
  m_GameObject: {fileID: 1915450972804726}
  m_Enabled: 1
  m_EditorHideFlags: 0
  m_Script: {fileID: 11500000, guid: 8df51dd332f14f8d8d66c17f2d5159df, type: 3}
  m_Name: 
  m_EditorClassIdentifier: 
--- !u!114 &114922458469630224
MonoBehaviour:
  m_ObjectHideFlags: 1
  m_CorrespondingSourceObject: {fileID: 0}
  m_PrefabInternal: {fileID: 100100000}
  m_GameObject: {fileID: 1115337511720278}
  m_Enabled: 1
  m_EditorHideFlags: 0
  m_Script: {fileID: 11500000, guid: 4d72a628e5a44c889831bfdfc17c5879, type: 3}
  m_Name: 
  m_EditorClassIdentifier: 
  _relativeSortingOrder: 2
--- !u!114 &114932832374570634
MonoBehaviour:
  m_ObjectHideFlags: 1
  m_CorrespondingSourceObject: {fileID: 0}
  m_PrefabInternal: {fileID: 100100000}
  m_GameObject: {fileID: 1766117115646300}
  m_Enabled: 1
  m_EditorHideFlags: 0
  m_Script: {fileID: 11500000, guid: d27f4a4d49574366842f963f91f81eb2, type: 3}
  m_Name: 
  m_EditorClassIdentifier: 
  _normalizedTimeParameter: NormalizedTime
--- !u!114 &114947170862228894
MonoBehaviour:
  m_ObjectHideFlags: 1
  m_CorrespondingSourceObject: {fileID: 0}
  m_PrefabInternal: {fileID: 100100000}
  m_GameObject: {fileID: 1757400522011162}
  m_Enabled: 1
  m_EditorHideFlags: 0
  m_Script: {fileID: 11500000, guid: b704f2c9b54c8494e841f7e2945f706b, type: 3}
  m_Name: 
  m_EditorClassIdentifier: 
  _audioController: {fileID: 0}
  _audioEventName: Ping
  _chip: {fileID: 114809524059698544}
  _animations:
  - _animation: ping3
    _delay: 0
--- !u!114 &114949624302187928
MonoBehaviour:
  m_ObjectHideFlags: 1
  m_CorrespondingSourceObject: {fileID: 0}
  m_PrefabInternal: {fileID: 100100000}
  m_GameObject: {fileID: 1915450972804726}
  m_Enabled: 1
  m_EditorHideFlags: 0
  m_Script: {fileID: 11500000, guid: f71828a90fc0c094da8ccb69a1dd8d41, type: 3}
  m_Name: 
  m_EditorClassIdentifier: 
  _movementSettings: {fileID: 11400000, guid: b483870bc499fbd4599d70ac14242261, type: 2}
--- !u!114 &114960074624976470
MonoBehaviour:
  m_ObjectHideFlags: 1
  m_CorrespondingSourceObject: {fileID: 0}
  m_PrefabInternal: {fileID: 100100000}
  m_GameObject: {fileID: 1757400522011162}
  m_Enabled: 1
  m_EditorHideFlags: 0
  m_Script: {fileID: 11500000, guid: 4d72a628e5a44c889831bfdfc17c5879, type: 3}
  m_Name: 
  m_EditorClassIdentifier: 
  _relativeSortingOrder: 3
--- !u!210 &210072961282952862
SortingGroup:
  m_ObjectHideFlags: 1
  m_CorrespondingSourceObject: {fileID: 0}
  m_PrefabInternal: {fileID: 100100000}
  m_GameObject: {fileID: 1915450972804726}
  m_Enabled: 1
  m_SortingLayerID: 1008690367
  m_SortingLayer: 19
  m_SortingOrder: 0
