%YAML 1.1
%TAG !u! tag:unity3d.com,2011:
--- !u!1001 &100100000
Prefab:
  m_ObjectHideFlags: 1
  serializedVersion: 2
  m_Modification:
    m_TransformParent: {fileID: 0}
    m_Modifications: []
    m_RemovedComponents: []
  m_SourcePrefab: {fileID: 0}
  m_RootGameObject: {fileID: 1163604930364374}
  m_IsPrefabAsset: 1
--- !u!1 &1163604930364374
GameObject:
  m_ObjectHideFlags: 0
  m_CorrespondingSourceObject: {fileID: 0}
  m_PrefabInternal: {fileID: 100100000}
  serializedVersion: 6
  m_Component:
  - component: {fileID: 4101939141921058}
  - component: {fileID: 114994782294858818}
  - component: {fileID: 114824485873091542}
  - component: {fileID: 114340670831233310}
  - component: {fileID: 114140229658293952}
  - component: {fileID: 114439566367888998}
  m_Layer: 0
  m_Name: DummyChip
  m_TagString: Untagged
  m_Icon: {fileID: 0}
  m_NavMeshLayer: 0
  m_StaticEditorFlags: 0
  m_IsActive: 1
--- !u!1 &1449384282642442
GameObject:
  m_ObjectHideFlags: 0
  m_CorrespondingSourceObject: {fileID: 0}
  m_PrefabInternal: {fileID: 100100000}
  serializedVersion: 6
  m_Component:
  - component: {fileID: 4771297219353872}
  - component: {fileID: 114986853131015078}
  - component: {fileID: 114506127388384222}
  - component: {fileID: 114262681978840266}
  - component: {fileID: 114909542487796194}
  - component: {fileID: 114454826631465614}
  - component: {fileID: 114193017905082630}
  - component: {fileID: 210798248668727022}
  m_Layer: 0
  m_Name: Presenter
  m_TagString: Untagged
  m_Icon: {fileID: 0}
  m_NavMeshLayer: 0
  m_StaticEditorFlags: 0
  m_IsActive: 1
--- !u!1 &1587422815297686
GameObject:
  m_ObjectHideFlags: 1
  m_CorrespondingSourceObject: {fileID: 0}
  m_PrefabInternal: {fileID: 100100000}
  serializedVersion: 6
  m_Component:
  - component: {fileID: 4096429730527968}
  - component: {fileID: 95274118746729126}
  - component: {fileID: 114046220471250992}
  - component: {fileID: 114798538409393118}
  - component: {fileID: 114874917169242446}
  - component: {fileID: 114272936633823052}
  - component: {fileID: 114347205365400056}
  - component: {fileID: 114778685624679382}
  m_Layer: 0
  m_Name: View
  m_TagString: Untagged
  m_Icon: {fileID: 0}
  m_NavMeshLayer: 0
  m_StaticEditorFlags: 0
  m_IsActive: 1
--- !u!4 &4096429730527968
Transform:
  m_ObjectHideFlags: 1
  m_CorrespondingSourceObject: {fileID: 0}
  m_PrefabInternal: {fileID: 100100000}
  m_GameObject: {fileID: 1587422815297686}
  m_LocalRotation: {x: -0, y: -0, z: -0, w: 1}
  m_LocalPosition: {x: 0, y: 0, z: 0}
  m_LocalScale: {x: 1, y: 1, z: 1}
  m_Children: []
  m_Father: {fileID: 4771297219353872}
  m_RootOrder: 0
  m_LocalEulerAnglesHint: {x: 0, y: 0, z: 0}
--- !u!4 &4101939141921058
Transform:
  m_ObjectHideFlags: 1
  m_CorrespondingSourceObject: {fileID: 0}
  m_PrefabInternal: {fileID: 100100000}
  m_GameObject: {fileID: 1163604930364374}
  m_LocalRotation: {x: 0, y: 0, z: 0, w: 1}
  m_LocalPosition: {x: 0, y: 0, z: 0}
  m_LocalScale: {x: 1, y: 1, z: 1}
  m_Children:
  - {fileID: 4771297219353872}
  m_Father: {fileID: 0}
  m_RootOrder: 0
  m_LocalEulerAnglesHint: {x: 0, y: 0, z: 0}
--- !u!4 &4771297219353872
Transform:
  m_ObjectHideFlags: 1
  m_CorrespondingSourceObject: {fileID: 0}
  m_PrefabInternal: {fileID: 100100000}
  m_GameObject: {fileID: 1449384282642442}
  m_LocalRotation: {x: 0, y: 0, z: 0, w: 1}
  m_LocalPosition: {x: 0, y: 0, z: 0}
  m_LocalScale: {x: 1, y: 1, z: 1}
  m_Children:
  - {fileID: 4096429730527968}
  m_Father: {fileID: 4101939141921058}
  m_RootOrder: 0
  m_LocalEulerAnglesHint: {x: 0, y: 0, z: 0}
--- !u!95 &95274118746729126
Animator:
  serializedVersion: 3
  m_ObjectHideFlags: 1
  m_CorrespondingSourceObject: {fileID: 0}
  m_PrefabInternal: {fileID: 100100000}
  m_GameObject: {fileID: 1587422815297686}
  m_Enabled: 1
  m_Avatar: {fileID: 0}
  m_Controller: {fileID: 9100000, guid: e391eb2641bd641fd8940bdfac555cd1, type: 2}
  m_CullingMode: 0
  m_UpdateMode: 0
  m_ApplyRootMotion: 0
  m_LinearVelocityBlending: 0
  m_WarningMessage: 
  m_HasTransformHierarchy: 1
  m_AllowConstantClipSamplingOptimization: 1
  m_KeepAnimatorControllerStateOnDisable: 0
--- !u!114 &114046220471250992
MonoBehaviour:
  m_ObjectHideFlags: 1
  m_CorrespondingSourceObject: {fileID: 0}
  m_PrefabInternal: {fileID: 100100000}
  m_GameObject: {fileID: 1587422815297686}
  m_Enabled: 1
  m_EditorHideFlags: 0
  m_Script: {fileID: 11500000, guid: 419176bab51740d1b374ddd48d87426e, type: 3}
  m_Name: 
  m_EditorClassIdentifier: 
--- !u!114 &114140229658293952
MonoBehaviour:
  m_ObjectHideFlags: 1
  m_CorrespondingSourceObject: {fileID: 0}
  m_PrefabInternal: {fileID: 100100000}
  m_GameObject: {fileID: 1163604930364374}
  m_Enabled: 1
  m_EditorHideFlags: 0
  m_Script: {fileID: 11500000, guid: 5f29479311d4f2b469490ab605d663e5, type: 3}
  m_Name: 
  m_EditorClassIdentifier: 
--- !u!114 &114193017905082630
MonoBehaviour:
  m_ObjectHideFlags: 1
  m_CorrespondingSourceObject: {fileID: 0}
  m_PrefabInternal: {fileID: 100100000}
  m_GameObject: {fileID: 1449384282642442}
  m_Enabled: 1
  m_EditorHideFlags: 0
  m_Script: {fileID: 11500000, guid: 67607586d4e048ee9c764e21b390ea19, type: 3}
  m_Name: 
  m_EditorClassIdentifier: 
  _directionTriggerList:
    _serializedKeys: 01000000020000000300000004000000
    _serializedValues:
    - SwapDeniedUp
    - SwapDeniedDown
    - SwapDeniedLeft
    - SwapDeniedRight
--- !u!114 &114262681978840266
MonoBehaviour:
  m_ObjectHideFlags: 1
  m_CorrespondingSourceObject: {fileID: 0}
  m_PrefabInternal: {fileID: 100100000}
  m_GameObject: {fileID: 1449384282642442}
  m_Enabled: 1
  m_EditorHideFlags: 0
  m_Script: {fileID: 11500000, guid: 02af9eae9388441b974bd2453e2a6770, type: 3}
  m_Name: 
  m_EditorClassIdentifier: 
  _teleportationTriggerName: OnTeleportation
  _teleportingEndTriggerName: OnTeleportingEnd
  _teleportExitStateName: TeleportExit
  _teleportationTypeParamName: TeleportationType
--- !u!114 &114272936633823052
MonoBehaviour:
  m_ObjectHideFlags: 1
  m_CorrespondingSourceObject: {fileID: 0}
  m_PrefabInternal: {fileID: 100100000}
  m_GameObject: {fileID: 1587422815297686}
  m_Enabled: 1
  m_EditorHideFlags: 0
  m_Script: {fileID: 11500000, guid: 6e840e12b75e43ebb2ff33ba71b089e4, type: 3}
  m_Name: 
  m_EditorClassIdentifier: 
--- !u!114 &114340670831233310
MonoBehaviour:
  m_ObjectHideFlags: 1
  m_CorrespondingSourceObject: {fileID: 0}
  m_PrefabInternal: {fileID: 100100000}
  m_GameObject: {fileID: 1163604930364374}
  m_Enabled: 1
  m_EditorHideFlags: 0
  m_Script: {fileID: 11500000, guid: 6364d9ee80cb9e3418be26bd92dbd558, type: 3}
  m_Name: 
  m_EditorClassIdentifier: 
  _maxHealth: 1
  _impactFlags: 0
  _maxEditorHealth: 1
--- !u!114 &114347205365400056
MonoBehaviour:
  m_ObjectHideFlags: 1
  m_CorrespondingSourceObject: {fileID: 0}
  m_PrefabInternal: {fileID: 100100000}
  m_GameObject: {fileID: 1587422815297686}
  m_Enabled: 1
  m_EditorHideFlags: 0
  m_Script: {fileID: 11500000, guid: 5145afe34682486ea4885f2f62be40d9, type: 3}
  m_Name: 
  m_EditorClassIdentifier: 
--- !u!114 &114439566367888998
MonoBehaviour:
  m_ObjectHideFlags: 1
  m_CorrespondingSourceObject: {fileID: 0}
  m_PrefabInternal: {fileID: 100100000}
  m_GameObject: {fileID: 1163604930364374}
  m_Enabled: 1
  m_EditorHideFlags: 0
  m_Script: {fileID: 11500000, guid: 34b7191c84a6c62489b3904cc715f94a, type: 3}
  m_Name: 
  m_EditorClassIdentifier: 
  _viewSource: {fileID: 4771297219353872}
  _viewTarget: {fileID: 4096429730527968}
--- !u!114 &114454826631465614
MonoBehaviour:
  m_ObjectHideFlags: 1
  m_CorrespondingSourceObject: {fileID: 0}
  m_PrefabInternal: {fileID: 100100000}
  m_GameObject: {fileID: 1449384282642442}
  m_Enabled: 1
  m_EditorHideFlags: 0
  m_Script: {fileID: 11500000, guid: f71828a90fc0c094da8ccb69a1dd8d41, type: 3}
  m_Name: 
  m_EditorClassIdentifier: 
  _movementSettings: {fileID: 11400000, guid: b483870bc499fbd4599d70ac14242261, type: 2}
--- !u!114 &114506127388384222
MonoBehaviour:
  m_ObjectHideFlags: 1
  m_CorrespondingSourceObject: {fileID: 0}
  m_PrefabInternal: {fileID: 100100000}
  m_GameObject: {fileID: 1449384282642442}
  m_Enabled: 1
  m_EditorHideFlags: 0
  m_Script: {fileID: 11500000, guid: 1ac22603c14e0c64c9e42525b3add47f, type: 3}
  m_Name: 
  m_EditorClassIdentifier: 
  _speed: 12
  _acceleration: 20
  _maxSpeed: 3.4028235e+38
--- !u!114 &114778685624679382
MonoBehaviour:
  m_ObjectHideFlags: 1
  m_CorrespondingSourceObject: {fileID: 0}
  m_PrefabInternal: {fileID: 100100000}
  m_GameObject: {fileID: 1587422815297686}
  m_Enabled: 1
  m_EditorHideFlags: 0
  m_Script: {fileID: 11500000, guid: a578415855494705a64fa947dfe8277e, type: 3}
  m_Name: 
  m_EditorClassIdentifier: 
  _effectMatrixName: _ExplosionEffectTransformation
  _radius: 0.78
  _restoreStateDuration: 0.5
--- !u!114 &114798538409393118
MonoBehaviour:
  m_ObjectHideFlags: 1
  m_CorrespondingSourceObject: {fileID: 0}
  m_PrefabInternal: {fileID: 100100000}
  m_GameObject: {fileID: 1587422815297686}
  m_Enabled: 1
  m_EditorHideFlags: 0
  m_Script: {fileID: 11500000, guid: a155d2042d3d4c2db52a922210bea2ae, type: 3}
  m_Name: 
  m_EditorClassIdentifier: 
  _epsilon: 0
--- !u!114 &114824485873091542
MonoBehaviour:
  m_ObjectHideFlags: 1
  m_CorrespondingSourceObject: {fileID: 0}
  m_PrefabInternal: {fileID: 100100000}
  m_GameObject: {fileID: 1163604930364374}
  m_Enabled: 1
  m_EditorHideFlags: 0
  m_Script: {fileID: 11500000, guid: 2cc3debccff86514cbb3218283be6c81, type: 3}
  m_Name: 
  m_EditorClassIdentifier: 
  _tags:
    _chipTags: []
--- !u!114 &114874917169242446
MonoBehaviour:
  m_ObjectHideFlags: 1
  m_CorrespondingSourceObject: {fileID: 0}
  m_PrefabInternal: {fileID: 100100000}
  m_GameObject: {fileID: 1587422815297686}
  m_Enabled: 1
  m_EditorHideFlags: 0
  m_Script: {fileID: 11500000, guid: d27f4a4d49574366842f963f91f81eb2, type: 3}
  m_Name: 
  m_EditorClassIdentifier: 
  _normalizedTimeParameter: NormalizedTime
--- !u!114 &114909542487796194
MonoBehaviour:
  m_ObjectHideFlags: 1
  m_CorrespondingSourceObject: {fileID: 0}
  m_PrefabInternal: {fileID: 100100000}
  m_GameObject: {fileID: 1449384282642442}
  m_Enabled: 1
  m_EditorHideFlags: 0
  m_Script: {fileID: 11500000, guid: 6e840e12b75e43ebb2ff33ba71b089e4, type: 3}
  m_Name: 
  m_EditorClassIdentifier: 
--- !u!114 &114986853131015078
MonoBehaviour:
  m_ObjectHideFlags: 1
  m_CorrespondingSourceObject: {fileID: 0}
  m_PrefabInternal: {fileID: 100100000}
  m_GameObject: {fileID: 1449384282642442}
  m_Enabled: 1
  m_EditorHideFlags: 0
  m_Script: {fileID: 11500000, guid: f0719d0b3e3f940458500cdf7eb52b61, type: 3}
  m_Name: 
  m_EditorClassIdentifier: 
  _chip: {fileID: 114994782294858818}
  _consumptionEffect: {fileID: 1549428874149696, guid: 78f7b90aaef95684b963bab2a8b68bee,
    type: 2}
  _impactEffect: {fileID: 0}
  _impactTrigger: OnImpact
  _impactAnimatorState: Impact
  _consumptionAnimatorState: Consuming
  _lockedParameter: IsLocked
  _healthParameter: Health
  _consumptionEffectEvent: ConsumptionEffect
  _consumptionReleaseCellEvent: ConsumptionReleaseCell
  _animationDirectionXParameter: AnimationDirectionX
  _animationDirectionYParameter: AnimationDirectionY
  _idleTypeParamName: IdleType
  _animatorContoller: {fileID: 114874917169242446}
  _appearingTrigger: OnAppear
  _containerImpactTrigger: OnContainerImpact
  _containerImpactAnimatorState: ContainerImpact
--- !u!114 &114994782294858818
MonoBehaviour:
  m_ObjectHideFlags: 1
  m_CorrespondingSourceObject: {fileID: 0}
  m_PrefabInternal: {fileID: 100100000}
  m_GameObject: {fileID: 1163604930364374}
  m_Enabled: 1
  m_EditorHideFlags: 0
  m_Script: {fileID: 11500000, guid: 2b169be93e1cf4eb693719c92860cc21, type: 3}
  m_Name: 
  m_EditorClassIdentifier: 
  _view: {fileID: 114986853131015078}
  _chipTags: {fileID: 114824485873091542}
  _settings: {fileID: 11400000, guid: d87dae484ab838c4d8f5b857d3270945, type: 2}
--- !u!210 &210798248668727022
SortingGroup:
  m_ObjectHideFlags: 1
  m_CorrespondingSourceObject: {fileID: 0}
  m_PrefabInternal: {fileID: 100100000}
  m_GameObject: {fileID: 1449384282642442}
  m_Enabled: 1
  m_SortingLayerID: 1008690367
  m_SortingLayer: 19
  m_SortingOrder: 0
