%YAML 1.1
%TAG !u! tag:unity3d.com,2011:
--- !u!1001 &100100000
Prefab:
  m_ObjectHideFlags: 1
  serializedVersion: 2
  m_Modification:
    m_TransformParent: {fileID: 0}
    m_Modifications: []
    m_RemovedComponents: []
  m_SourcePrefab: {fileID: 0}
  m_RootGameObject: {fileID: 1647042195867506}
  m_IsPrefabAsset: 1
--- !u!1 &1268998538904754
GameObject:
  m_ObjectHideFlags: 1
  m_CorrespondingSourceObject: {fileID: 0}
  m_PrefabInternal: {fileID: 100100000}
  serializedVersion: 6
  m_Component:
  - component: {fileID: 4946944066944848}
  - component: {fileID: 114941186907112532}
  m_Layer: 0
  m_Name: ChipAudioPlayer
  m_TagString: Untagged
  m_Icon: {fileID: 0}
  m_NavMeshLayer: 0
  m_StaticEditorFlags: 0
  m_IsActive: 1
--- !u!1 &1590006650519300
GameObject:
  m_ObjectHideFlags: 0
  m_CorrespondingSourceObject: {fileID: 0}
  m_PrefabInternal: {fileID: 100100000}
  serializedVersion: 6
  m_Component:
  - component: {fileID: 4958754475527158}
  - component: {fileID: 114002230135905248}
  - component: {fileID: 210512934496060792}
  - component: {fileID: 114562523348807382}
  - component: {fileID: 114346372619203762}
  m_Layer: 0
  m_Name: MantleStubPresenter
  m_TagString: Untagged
  m_Icon: {fileID: 0}
  m_NavMeshLayer: 0
  m_StaticEditorFlags: 0
  m_IsActive: 1
--- !u!1 &1647042195867506
GameObject:
  m_ObjectHideFlags: 0
  m_CorrespondingSourceObject: {fileID: 0}
  m_PrefabInternal: {fileID: 100100000}
  serializedVersion: 6
  m_Component:
  - component: {fileID: 4008279654182622}
  - component: {fileID: 114081414931322872}
  - component: {fileID: 114932663812308324}
  - component: {fileID: 114099035376657400}
  - component: {fileID: 114843949368595072}
  - component: {fileID: 114959139408416494}
  - component: {fileID: 114019342438956460}
  - component: {fileID: 114983199882025156}
  m_Layer: 0
  m_Name: MantleStubChip
  m_TagString: Untagged
  m_Icon: {fileID: 0}
  m_NavMeshLayer: 0
  m_StaticEditorFlags: 0
  m_IsActive: 1
--- !u!1 &1846410103150648
GameObject:
  m_ObjectHideFlags: 1
  m_CorrespondingSourceObject: {fileID: 0}
  m_PrefabInternal: {fileID: 100100000}
  serializedVersion: 6
  m_Component:
  - component: {fileID: 4586812250112522}
  - component: {fileID: 114615961950986070}
  - component: {fileID: 114957540488738462}
  - component: {fileID: 95207832696772540}
  - component: {fileID: 114596307418957912}
  - component: {fileID: 114933155212343790}
  - component: {fileID: 114169387394761774}
  - component: {fileID: 114795781711619196}
  m_Layer: 0
  m_Name: View
  m_TagString: Untagged
  m_Icon: {fileID: 0}
  m_NavMeshLayer: 0
  m_StaticEditorFlags: 0
  m_IsActive: 1
--- !u!1 &1930969786446198
GameObject:
  m_ObjectHideFlags: 1
  m_CorrespondingSourceObject: {fileID: 0}
  m_PrefabInternal: {fileID: 100100000}
  serializedVersion: 6
  m_Component:
  - component: {fileID: 4150552239613182}
  - component: {fileID: 212061845823975110}
  - component: {fileID: 114997923530513716}
  m_Layer: 0
  m_Name: Icon
  m_TagString: EditorOnly
  m_Icon: {fileID: 0}
  m_NavMeshLayer: 0
  m_StaticEditorFlags: 0
  m_IsActive: 0
--- !u!4 &4008279654182622
Transform:
  m_ObjectHideFlags: 1
  m_CorrespondingSourceObject: {fileID: 0}
  m_PrefabInternal: {fileID: 100100000}
  m_GameObject: {fileID: 1647042195867506}
  m_LocalRotation: {x: -0, y: -0, z: -0, w: 1}
  m_LocalPosition: {x: 0, y: 0, z: 0}
  m_LocalScale: {x: 1, y: 1, z: 1}
  m_Children:
  - {fileID: 4958754475527158}
  m_Father: {fileID: 0}
  m_RootOrder: 0
  m_LocalEulerAnglesHint: {x: 0, y: 0, z: 0}
--- !u!4 &4150552239613182
Transform:
  m_ObjectHideFlags: 1
  m_CorrespondingSourceObject: {fileID: 0}
  m_PrefabInternal: {fileID: 100100000}
  m_GameObject: {fileID: 1930969786446198}
  m_LocalRotation: {x: 0, y: 0, z: 0, w: 1}
  m_LocalPosition: {x: 0, y: 0, z: 0}
  m_LocalScale: {x: 1, y: 1, z: 1}
  m_Children: []
  m_Father: {fileID: 4586812250112522}
  m_RootOrder: 1
  m_LocalEulerAnglesHint: {x: 0, y: 0, z: 0}
--- !u!4 &4586812250112522
Transform:
  m_ObjectHideFlags: 1
  m_CorrespondingSourceObject: {fileID: 0}
  m_PrefabInternal: {fileID: 100100000}
  m_GameObject: {fileID: 1846410103150648}
  m_LocalRotation: {x: -0, y: -0, z: -0, w: 1}
  m_LocalPosition: {x: 0, y: 0, z: 0}
  m_LocalScale: {x: 1, y: 1, z: 1}
  m_Children:
  - {fileID: 4946944066944848}
  - {fileID: 4150552239613182}
  m_Father: {fileID: 4958754475527158}
  m_RootOrder: 0
  m_LocalEulerAnglesHint: {x: 0, y: 0, z: 0}
--- !u!4 &4946944066944848
Transform:
  m_ObjectHideFlags: 1
  m_CorrespondingSourceObject: {fileID: 0}
  m_PrefabInternal: {fileID: 100100000}
  m_GameObject: {fileID: 1268998538904754}
  m_LocalRotation: {x: -0, y: -0, z: -0, w: 1}
  m_LocalPosition: {x: 0, y: 0, z: 0}
  m_LocalScale: {x: 1, y: 1, z: 1}
  m_Children: []
  m_Father: {fileID: 4586812250112522}
  m_RootOrder: 0
  m_LocalEulerAnglesHint: {x: 0, y: 0, z: 0}
--- !u!4 &4958754475527158
Transform:
  m_ObjectHideFlags: 1
  m_CorrespondingSourceObject: {fileID: 0}
  m_PrefabInternal: {fileID: 100100000}
  m_GameObject: {fileID: 1590006650519300}
  m_LocalRotation: {x: 0, y: 0, z: 0, w: 1}
  m_LocalPosition: {x: 0, y: 0, z: 0}
  m_LocalScale: {x: 1, y: 1, z: 1}
  m_Children:
  - {fileID: 4586812250112522}
  m_Father: {fileID: 4008279654182622}
  m_RootOrder: 0
  m_LocalEulerAnglesHint: {x: 0, y: 0, z: 0}
--- !u!95 &95207832696772540
Animator:
  serializedVersion: 3
  m_ObjectHideFlags: 1
  m_CorrespondingSourceObject: {fileID: 0}
  m_PrefabInternal: {fileID: 100100000}
  m_GameObject: {fileID: 1846410103150648}
  m_Enabled: 1
  m_Avatar: {fileID: 0}
  m_Controller: {fileID: 9100000, guid: e391eb2641bd641fd8940bdfac555cd1, type: 2}
  m_CullingMode: 0
  m_UpdateMode: 0
  m_ApplyRootMotion: 0
  m_LinearVelocityBlending: 0
  m_WarningMessage: 
  m_HasTransformHierarchy: 1
  m_AllowConstantClipSamplingOptimization: 1
  m_KeepAnimatorControllerStateOnDisable: 0
--- !u!114 &114002230135905248
MonoBehaviour:
  m_ObjectHideFlags: 1
  m_CorrespondingSourceObject: {fileID: 0}
  m_PrefabInternal: {fileID: 100100000}
  m_GameObject: {fileID: 1590006650519300}
  m_Enabled: 1
  m_EditorHideFlags: 0
  m_Script: {fileID: 11500000, guid: f0719d0b3e3f940458500cdf7eb52b61, type: 3}
  m_Name: 
  m_EditorClassIdentifier: 
  _chip: {fileID: 114081414931322872}
  _consumptionEffect: {fileID: 0}
  _impactEffect: {fileID: 0}
  _impactTrigger: 
  _impactAnimatorState: Impact
  _consumptionAnimatorState: Consuming
  _lockedParameter: IsLocked
  _healthParameter: Health
  _consumptionEffectEvent: ConsumptionEffect
  _consumptionReleaseCellEvent: ConsumptionReleaseCell
  _animationDirectionXParameter: AnimationDirectionX
  _animationDirectionYParameter: AnimationDirectionY
  _idleTypeParamName: IdleType
  _animatorContoller: {fileID: 114596307418957912}
  _appearingTrigger: OnAppear
  _containerImpactTrigger: OnContainerImpact
  _containerImpactAnimatorState: ContainerImpact
--- !u!114 &114019342438956460
MonoBehaviour:
  m_ObjectHideFlags: 1
  m_CorrespondingSourceObject: {fileID: 0}
  m_PrefabInternal: {fileID: 100100000}
  m_GameObject: {fileID: 1647042195867506}
  m_Enabled: 1
  m_EditorHideFlags: 0
  m_Script: {fileID: 11500000, guid: 34b7191c84a6c62489b3904cc715f94a, type: 3}
  m_Name: 
  m_EditorClassIdentifier: 
  _viewSource: {fileID: 4958754475527158}
  _viewTarget: {fileID: 4586812250112522}
--- !u!114 &114081414931322872
MonoBehaviour:
  m_ObjectHideFlags: 1
  m_CorrespondingSourceObject: {fileID: 0}
  m_PrefabInternal: {fileID: 100100000}
  m_GameObject: {fileID: 1647042195867506}
  m_Enabled: 1
  m_EditorHideFlags: 0
  m_Script: {fileID: 11500000, guid: 2b169be93e1cf4eb693719c92860cc21, type: 3}
  m_Name: 
  m_EditorClassIdentifier: 
  _view: {fileID: 114002230135905248}
  _chipTags: {fileID: 114843949368595072}
  _settings: {fileID: 11400000, guid: 3d62e6a3c9657ad40b42d9eb1d81c001, type: 2}
--- !u!114 &114099035376657400
MonoBehaviour:
  m_ObjectHideFlags: 1
  m_CorrespondingSourceObject: {fileID: 0}
  m_PrefabInternal: {fileID: 100100000}
  m_GameObject: {fileID: 1647042195867506}
  m_Enabled: 1
  m_EditorHideFlags: 0
  m_Script: {fileID: 11500000, guid: 0e1cf4fbdf92a1a4687baf8566ec9792, type: 3}
  m_Name: 
  m_EditorClassIdentifier: 
  _chip: {fileID: 0}
  _chipVisibilityRestriction:
    _chipTags: []
--- !u!114 &114169387394761774
MonoBehaviour:
  m_ObjectHideFlags: 1
  m_CorrespondingSourceObject: {fileID: 0}
  m_PrefabInternal: {fileID: 100100000}
  m_GameObject: {fileID: 1846410103150648}
  m_Enabled: 1
  m_EditorHideFlags: 0
  m_Script: {fileID: 11500000, guid: c979ba42367575c4d89b1680c03708fa, type: 3}
  m_Name: 
  m_EditorClassIdentifier: 
  _source: {fileID: 0}
  _playOnEnable: 0
  _destroyOnStop: 0
--- !u!114 &114346372619203762
MonoBehaviour:
  m_ObjectHideFlags: 1
  m_CorrespondingSourceObject: {fileID: 0}
  m_PrefabInternal: {fileID: 100100000}
  m_GameObject: {fileID: 1590006650519300}
  m_Enabled: 1
  m_EditorHideFlags: 0
  m_Script: {fileID: 11500000, guid: 6e840e12b75e43ebb2ff33ba71b089e4, type: 3}
  m_Name: 
  m_EditorClassIdentifier: 
--- !u!114 &114562523348807382
MonoBehaviour:
  m_ObjectHideFlags: 1
  m_CorrespondingSourceObject: {fileID: 0}
  m_PrefabInternal: {fileID: 100100000}
  m_GameObject: {fileID: 1590006650519300}
  m_Enabled: 1
  m_EditorHideFlags: 0
  m_Script: {fileID: 11500000, guid: c27a48583f9e47918d0a2aeec670cc86, type: 3}
  m_Name: 
  m_EditorClassIdentifier: 
  _childChipSortingOrderOffset: -20
--- !u!114 &114596307418957912
MonoBehaviour:
  m_ObjectHideFlags: 1
  m_CorrespondingSourceObject: {fileID: 0}
  m_PrefabInternal: {fileID: 100100000}
  m_GameObject: {fileID: 1846410103150648}
  m_Enabled: 1
  m_EditorHideFlags: 0
  m_Script: {fileID: 11500000, guid: d27f4a4d49574366842f963f91f81eb2, type: 3}
  m_Name: 
  m_EditorClassIdentifier: 
  _normalizedTimeParameter: NormalizedTime
--- !u!114 &114615961950986070
MonoBehaviour:
  m_ObjectHideFlags: 1
  m_CorrespondingSourceObject: {fileID: 0}
  m_PrefabInternal: {fileID: 100100000}
  m_GameObject: {fileID: 1846410103150648}
  m_Enabled: 1
  m_EditorHideFlags: 0
  m_Script: {fileID: 11500000, guid: 419176bab51740d1b374ddd48d87426e, type: 3}
  m_Name: 
  m_EditorClassIdentifier: 
--- !u!114 &114795781711619196
MonoBehaviour:
  m_ObjectHideFlags: 1
  m_CorrespondingSourceObject: {fileID: 0}
  m_PrefabInternal: {fileID: 100100000}
  m_GameObject: {fileID: 1846410103150648}
  m_Enabled: 1
  m_EditorHideFlags: 0
  m_Script: {fileID: 11500000, guid: 029074d103f11b64898ff7fc46510aac, type: 3}
  m_Name: 
  m_EditorClassIdentifier: 
  _player: {fileID: 114941186907112532}
  _settings: {fileID: 11400000, guid: c4836ff33969f4146b6cffd134025805, type: 2}
--- !u!114 &114843949368595072
MonoBehaviour:
  m_ObjectHideFlags: 1
  m_CorrespondingSourceObject: {fileID: 0}
  m_PrefabInternal: {fileID: 100100000}
  m_GameObject: {fileID: 1647042195867506}
  m_Enabled: 1
  m_EditorHideFlags: 0
  m_Script: {fileID: 11500000, guid: 2cc3debccff86514cbb3218283be6c81, type: 3}
  m_Name: 
  m_EditorClassIdentifier: 
  _tags:
    _chipTags: []
--- !u!114 &114932663812308324
MonoBehaviour:
  m_ObjectHideFlags: 1
  m_CorrespondingSourceObject: {fileID: 0}
  m_PrefabInternal: {fileID: 100100000}
  m_GameObject: {fileID: 1647042195867506}
  m_Enabled: 1
  m_EditorHideFlags: 0
  m_Script: {fileID: 11500000, guid: 2dc4036c0f4a2c54089b8cf3ed766041, type: 3}
  m_Name: 
  m_EditorClassIdentifier: 
  _mantle: {fileID: 0}
--- !u!114 &114933155212343790
MonoBehaviour:
  m_ObjectHideFlags: 1
  m_CorrespondingSourceObject: {fileID: 0}
  m_PrefabInternal: {fileID: 100100000}
  m_GameObject: {fileID: 1846410103150648}
  m_Enabled: 1
  m_EditorHideFlags: 0
  m_Script: {fileID: 11500000, guid: a578415855494705a64fa947dfe8277e, type: 3}
  m_Name: 
  m_EditorClassIdentifier: 
  _effectMatrixName: _ExplosionEffectTransformation
  _radius: 0.78
  _restoreStateDuration: 0.5
--- !u!114 &114941186907112532
MonoBehaviour:
  m_ObjectHideFlags: 1
  m_CorrespondingSourceObject: {fileID: 0}
  m_PrefabInternal: {fileID: 100100000}
  m_GameObject: {fileID: 1268998538904754}
  m_Enabled: 1
  m_EditorHideFlags: 0
  m_Script: {fileID: 11500000, guid: c979ba42367575c4d89b1680c03708fa, type: 3}
  m_Name: 
  m_EditorClassIdentifier: 
  _source: {fileID: 0}
  _playOnEnable: 0
  _destroyOnStop: 0
--- !u!114 &114957540488738462
MonoBehaviour:
  m_ObjectHideFlags: 1
  m_CorrespondingSourceObject: {fileID: 0}
  m_PrefabInternal: {fileID: 100100000}
  m_GameObject: {fileID: 1846410103150648}
  m_Enabled: 1
  m_EditorHideFlags: 0
  m_Script: {fileID: 11500000, guid: a155d2042d3d4c2db52a922210bea2ae, type: 3}
  m_Name: 
  m_EditorClassIdentifier: 
  _epsilon: 0
--- !u!114 &114959139408416494
MonoBehaviour:
  m_ObjectHideFlags: 1
  m_CorrespondingSourceObject: {fileID: 0}
  m_PrefabInternal: {fileID: 100100000}
  m_GameObject: {fileID: 1647042195867506}
  m_Enabled: 1
  m_EditorHideFlags: 0
  m_Script: {fileID: 11500000, guid: 6364d9ee80cb9e3418be26bd92dbd558, type: 3}
  m_Name: 
  m_EditorClassIdentifier: 
  _maxHealth: 1
  _impactFlags: -1
  _maxEditorHealth: 1
--- !u!114 &114983199882025156
MonoBehaviour:
  m_ObjectHideFlags: 1
  m_CorrespondingSourceObject: {fileID: 0}
  m_PrefabInternal: {fileID: 100100000}
  m_GameObject: {fileID: 1647042195867506}
  m_Enabled: 1
  m_EditorHideFlags: 0
  m_Script: {fileID: 11500000, guid: 5f29479311d4f2b469490ab605d663e5, type: 3}
  m_Name: 
  m_EditorClassIdentifier: 
--- !u!114 &114997923530513716
MonoBehaviour:
  m_ObjectHideFlags: 1
  m_CorrespondingSourceObject: {fileID: 0}
  m_PrefabInternal: {fileID: 100100000}
  m_GameObject: {fileID: 1930969786446198}
  m_Enabled: 1
  m_EditorHideFlags: 0
  m_Script: {fileID: 11500000, guid: 6e840e12b75e43ebb2ff33ba71b089e4, type: 3}
  m_Name: 
  m_EditorClassIdentifier: 
--- !u!210 &210512934496060792
SortingGroup:
  m_ObjectHideFlags: 1
  m_CorrespondingSourceObject: {fileID: 0}
  m_PrefabInternal: {fileID: 100100000}
  m_GameObject: {fileID: 1590006650519300}
  m_Enabled: 1
  m_SortingLayerID: -991140289
  m_SortingLayer: 16
  m_SortingOrder: 0
--- !u!212 &212061845823975110
SpriteRenderer:
  m_ObjectHideFlags: 1
  m_CorrespondingSourceObject: {fileID: 0}
  m_PrefabInternal: {fileID: 100100000}
  m_GameObject: {fileID: 1930969786446198}
  m_Enabled: 1
  m_CastShadows: 0
  m_ReceiveShadows: 0
  m_DynamicOccludee: 1
  m_MotionVectors: 1
  m_LightProbeUsage: 1
  m_ReflectionProbeUsage: 1
  m_RenderingLayerMask: 4294967295
  m_Materials:
  - {fileID: 10754, guid: 0000000000000000f000000000000000, type: 0}
  m_StaticBatchInfo:
    firstSubMesh: 0
    subMeshCount: 0
  m_StaticBatchRoot: {fileID: 0}
  m_ProbeAnchor: {fileID: 0}
  m_LightProbeVolumeOverride: {fileID: 0}
  m_ScaleInLightmap: 1
  m_PreserveUVs: 0
  m_IgnoreNormalsForChartDetection: 0
  m_ImportantGI: 0
  m_StitchLightmapSeams: 0
  m_SelectedEditorRenderState: 0
  m_MinimumChartSize: 4
  m_AutoUVMaxDistance: 0.5
  m_AutoUVMaxAngle: 89
  m_LightmapParameters: {fileID: 0}
  m_SortingLayerID: -991140289
  m_SortingLayer: 16
  m_SortingOrder: 0
  m_Sprite: {fileID: 21300000, guid: 4d3af719f5c0548489e31a3b913ec8c3, type: 3}
  m_Color: {r: 1, g: 1, b: 1, a: 1}
  m_FlipX: 0
  m_FlipY: 0
  m_DrawMode: 0
  m_Size: {x: 1.04, y: 1.04}
  m_AdaptiveModeThreshold: 0.5
  m_SpriteTileMode: 0
  m_WasSpriteAssigned: 1
  m_MaskInteraction: 0
  m_SpriteSortPoint: 0
