%YAML 1.1
%TAG !u! tag:unity3d.com,2011:
--- !u!1001 &100100000
Prefab:
  m_ObjectHideFlags: 1
  serializedVersion: 2
  m_Modification:
    m_TransformParent: {fileID: 0}
    m_Modifications: []
    m_RemovedComponents: []
  m_SourcePrefab: {fileID: 0}
  m_RootGameObject: {fileID: 1568140366158308}
  m_IsPrefabAsset: 1
--- !u!1 &1063975504412744
GameObject:
  m_ObjectHideFlags: 1
  m_CorrespondingSourceObject: {fileID: 0}
  m_PrefabInternal: {fileID: 100100000}
  serializedVersion: 6
  m_Component:
  - component: {fileID: 4768344046949486}
  - component: {fileID: 33702249966333232}
  - component: {fileID: 23164705991781934}
  - component: {fileID: 114949935910891506}
  - component: {fileID: 114393448531572552}
  - component: {fileID: 114329706538050022}
  - component: {fileID: 114271687671396638}
  - component: {fileID: 114525131044113340}
  m_Layer: 0
  m_Name: State_initial
  m_TagString: Untagged
  m_Icon: {fileID: 0}
  m_NavMeshLayer: 0
  m_StaticEditorFlags: 0
  m_IsActive: 1
--- !u!1 &1293955145361870
GameObject:
  m_ObjectHideFlags: 1
  m_CorrespondingSourceObject: {fileID: 0}
  m_PrefabInternal: {fileID: 100100000}
  serializedVersion: 6
  m_Component:
  - component: {fileID: 4552250443963948}
  - component: {fileID: 33089410239417748}
  - component: {fileID: 23438976328279124}
  - component: {fileID: 114889541393840828}
  - component: {fileID: 114976732930117346}
  - component: {fileID: 114912943735429018}
  - component: {fileID: 114741654616974022}
  - component: {fileID: 114578359473651178}
  m_Layer: 0
  m_Name: State_finished
  m_TagString: Untagged
  m_Icon: {fileID: 0}
  m_NavMeshLayer: 0
  m_StaticEditorFlags: 0
  m_IsActive: 0
--- !u!1 &1339082632512572
GameObject:
  m_ObjectHideFlags: 0
  m_CorrespondingSourceObject: {fileID: 0}
  m_PrefabInternal: {fileID: 100100000}
  serializedVersion: 6
  m_Component:
  - component: {fileID: 4398699261738352}
  - component: {fileID: 114338821151200574}
  - component: {fileID: 114195444728484244}
  - component: {fileID: 114469838197379742}
  - component: {fileID: 114352559221536250}
  - component: {fileID: 114568416640895704}
  - component: {fileID: 210327642951821128}
  - component: {fileID: 114281886655914504}
  m_Layer: 0
  m_Name: StatuePresenter
  m_TagString: Untagged
  m_Icon: {fileID: 0}
  m_NavMeshLayer: 0
  m_StaticEditorFlags: 0
  m_IsActive: 1
--- !u!1 &1522221583068706
GameObject:
  m_ObjectHideFlags: 1
  m_CorrespondingSourceObject: {fileID: 0}
  m_PrefabInternal: {fileID: 100100000}
  serializedVersion: 6
  m_Component:
  - component: {fileID: 4840129298334770}
  - component: {fileID: 33086388446635098}
  - component: {fileID: 23827537371418470}
  - component: {fileID: 114709171403332488}
  - component: {fileID: 114603382579524492}
  - component: {fileID: 114033997380564998}
  - component: {fileID: 114741182795041204}
  m_Layer: 0
  m_Name: State_complete
  m_TagString: Untagged
  m_Icon: {fileID: 0}
  m_NavMeshLayer: 0
  m_StaticEditorFlags: 0
  m_IsActive: 0
--- !u!1 &1568140366158308
GameObject:
  m_ObjectHideFlags: 0
  m_CorrespondingSourceObject: {fileID: 0}
  m_PrefabInternal: {fileID: 100100000}
  serializedVersion: 6
  m_Component:
  - component: {fileID: 4861900588958520}
  - component: {fileID: 114916951819760936}
  - component: {fileID: 114283148277881426}
  - component: {fileID: 114207384734821914}
  - component: {fileID: 114769224735779402}
  - component: {fileID: 114740101215814516}
  m_Layer: 0
  m_Name: Statue
  m_TagString: Untagged
  m_Icon: {fileID: 0}
  m_NavMeshLayer: 0
  m_StaticEditorFlags: 0
  m_IsActive: 1
--- !u!1 &1688157481331466
GameObject:
  m_ObjectHideFlags: 1
  m_CorrespondingSourceObject: {fileID: 0}
  m_PrefabInternal: {fileID: 100100000}
  serializedVersion: 6
  m_Component:
  - component: {fileID: 4933178414609858}
  - component: {fileID: 114263608212610594}
  - component: {fileID: 114230770085754898}
  - component: {fileID: 95615846332897986}
  - component: {fileID: 114713632141633314}
  - component: {fileID: 114852050889280906}
  - component: {fileID: 114269581086628318}
  - component: {fileID: 114714979712869720}
  m_Layer: 0
  m_Name: View
  m_TagString: Untagged
  m_Icon: {fileID: 0}
  m_NavMeshLayer: 0
  m_StaticEditorFlags: 0
  m_IsActive: 1
--- !u!1 &1782832792261000
GameObject:
  m_ObjectHideFlags: 1
  m_CorrespondingSourceObject: {fileID: 0}
  m_PrefabInternal: {fileID: 100100000}
  serializedVersion: 6
  m_Component:
  - component: {fileID: 4399219693915968}
  - component: {fileID: 33840640927621058}
  - component: {fileID: 23898281026431780}
  - component: {fileID: 114145374337158104}
  - component: {fileID: 114937804860879160}
  - component: {fileID: 114656782607092970}
  - component: {fileID: 114019359358139388}
  - component: {fileID: 114087477325092218}
  m_Layer: 0
  m_Name: State_intermediate
  m_TagString: Untagged
  m_Icon: {fileID: 0}
  m_NavMeshLayer: 0
  m_StaticEditorFlags: 0
  m_IsActive: 0
--- !u!1 &1878162468980848
GameObject:
  m_ObjectHideFlags: 1
  m_CorrespondingSourceObject: {fileID: 0}
  m_PrefabInternal: {fileID: 100100000}
  serializedVersion: 6
  m_Component:
  - component: {fileID: 4961414115416100}
  - component: {fileID: 114502313005766382}
  m_Layer: 0
  m_Name: ChipAudioPlayer
  m_TagString: Untagged
  m_Icon: {fileID: 0}
  m_NavMeshLayer: 0
  m_StaticEditorFlags: 0
  m_IsActive: 1
--- !u!4 &4398699261738352
Transform:
  m_ObjectHideFlags: 1
  m_CorrespondingSourceObject: {fileID: 0}
  m_PrefabInternal: {fileID: 100100000}
  m_GameObject: {fileID: 1339082632512572}
  m_LocalRotation: {x: 0, y: 0, z: 0, w: 1}
  m_LocalPosition: {x: 0, y: 0, z: 0}
  m_LocalScale: {x: 1, y: 1, z: 1}
  m_Children:
  - {fileID: 4933178414609858}
  m_Father: {fileID: 4861900588958520}
  m_RootOrder: 0
  m_LocalEulerAnglesHint: {x: 0, y: 0, z: 0}
--- !u!4 &4399219693915968
Transform:
  m_ObjectHideFlags: 1
  m_CorrespondingSourceObject: {fileID: 0}
  m_PrefabInternal: {fileID: 100100000}
  m_GameObject: {fileID: 1782832792261000}
  m_LocalRotation: {x: -0, y: -0, z: -0, w: 1}
  m_LocalPosition: {x: 0, y: 0, z: 0}
  m_LocalScale: {x: 1, y: 1, z: 1}
  m_Children: []
  m_Father: {fileID: 4933178414609858}
  m_RootOrder: 2
  m_LocalEulerAnglesHint: {x: 0, y: 0, z: 0}
--- !u!4 &4552250443963948
Transform:
  m_ObjectHideFlags: 1
  m_CorrespondingSourceObject: {fileID: 0}
  m_PrefabInternal: {fileID: 100100000}
  m_GameObject: {fileID: 1293955145361870}
  m_LocalRotation: {x: -0, y: -0, z: -0, w: 1}
  m_LocalPosition: {x: 0, y: 0, z: 0}
  m_LocalScale: {x: 1, y: 1, z: 1}
  m_Children: []
  m_Father: {fileID: 4933178414609858}
  m_RootOrder: 3
  m_LocalEulerAnglesHint: {x: 0, y: 0, z: 0}
--- !u!4 &4768344046949486
Transform:
  m_ObjectHideFlags: 1
  m_CorrespondingSourceObject: {fileID: 0}
  m_PrefabInternal: {fileID: 100100000}
  m_GameObject: {fileID: 1063975504412744}
  m_LocalRotation: {x: -0, y: -0, z: -0, w: 1}
  m_LocalPosition: {x: 0, y: 0, z: 0}
  m_LocalScale: {x: 1, y: 1, z: 1}
  m_Children: []
  m_Father: {fileID: 4933178414609858}
  m_RootOrder: 1
  m_LocalEulerAnglesHint: {x: 0, y: 0, z: 0}
--- !u!4 &4840129298334770
Transform:
  m_ObjectHideFlags: 1
  m_CorrespondingSourceObject: {fileID: 0}
  m_PrefabInternal: {fileID: 100100000}
  m_GameObject: {fileID: 1522221583068706}
  m_LocalRotation: {x: -0, y: -0, z: -0, w: 1}
  m_LocalPosition: {x: 0, y: 0, z: 0}
  m_LocalScale: {x: 1, y: 1, z: 1}
  m_Children: []
  m_Father: {fileID: 4933178414609858}
  m_RootOrder: 4
  m_LocalEulerAnglesHint: {x: 0, y: 0, z: 0}
--- !u!4 &4861900588958520
Transform:
  m_ObjectHideFlags: 1
  m_CorrespondingSourceObject: {fileID: 0}
  m_PrefabInternal: {fileID: 100100000}
  m_GameObject: {fileID: 1568140366158308}
  m_LocalRotation: {x: -0, y: -0, z: -0, w: 1}
  m_LocalPosition: {x: 0, y: 0, z: 0}
  m_LocalScale: {x: 1, y: 1, z: 1}
  m_Children:
  - {fileID: 4398699261738352}
  m_Father: {fileID: 0}
  m_RootOrder: 0
  m_LocalEulerAnglesHint: {x: 0, y: 0, z: 0}
--- !u!4 &4933178414609858
Transform:
  m_ObjectHideFlags: 1
  m_CorrespondingSourceObject: {fileID: 0}
  m_PrefabInternal: {fileID: 100100000}
  m_GameObject: {fileID: 1688157481331466}
  m_LocalRotation: {x: -0, y: -0, z: -0, w: 1}
  m_LocalPosition: {x: 0, y: 0, z: 0}
  m_LocalScale: {x: 1, y: 1, z: 1}
  m_Children:
  - {fileID: 4961414115416100}
  - {fileID: 4768344046949486}
  - {fileID: 4399219693915968}
  - {fileID: 4552250443963948}
  - {fileID: 4840129298334770}
  m_Father: {fileID: 4398699261738352}
  m_RootOrder: 0
  m_LocalEulerAnglesHint: {x: 0, y: 0, z: 0}
--- !u!4 &4961414115416100
Transform:
  m_ObjectHideFlags: 1
  m_CorrespondingSourceObject: {fileID: 0}
  m_PrefabInternal: {fileID: 100100000}
  m_GameObject: {fileID: 1878162468980848}
  m_LocalRotation: {x: -0, y: -0, z: -0, w: 1}
  m_LocalPosition: {x: 0, y: 0, z: 0}
  m_LocalScale: {x: 1, y: 1, z: 1}
  m_Children: []
  m_Father: {fileID: 4933178414609858}
  m_RootOrder: 0
  m_LocalEulerAnglesHint: {x: 0, y: 0, z: 0}
--- !u!23 &23164705991781934
MeshRenderer:
  m_ObjectHideFlags: 1
  m_CorrespondingSourceObject: {fileID: 0}
  m_PrefabInternal: {fileID: 100100000}
  m_GameObject: {fileID: 1063975504412744}
  m_Enabled: 1
  m_CastShadows: 0
  m_ReceiveShadows: 0
  m_DynamicOccludee: 0
  m_MotionVectors: 2
  m_LightProbeUsage: 0
  m_ReflectionProbeUsage: 0
  m_RenderingLayerMask: 4294967295
  m_Materials:
  - {fileID: 2100000, guid: 16ecd75afe9be514d80b14fe14a4f4ea, type: 2}
  m_StaticBatchInfo:
    firstSubMesh: 0
    subMeshCount: 0
  m_StaticBatchRoot: {fileID: 0}
  m_ProbeAnchor: {fileID: 0}
  m_LightProbeVolumeOverride: {fileID: 0}
  m_ScaleInLightmap: 1
  m_PreserveUVs: 0
  m_IgnoreNormalsForChartDetection: 0
  m_ImportantGI: 0
  m_StitchLightmapSeams: 0
  m_SelectedEditorRenderState: 3
  m_MinimumChartSize: 4
  m_AutoUVMaxDistance: 0.5
  m_AutoUVMaxAngle: 89
  m_LightmapParameters: {fileID: 0}
  m_SortingLayerID: 1008690367
  m_SortingLayer: 19
  m_SortingOrder: 1
--- !u!23 &23438976328279124
MeshRenderer:
  m_ObjectHideFlags: 1
  m_CorrespondingSourceObject: {fileID: 0}
  m_PrefabInternal: {fileID: 100100000}
  m_GameObject: {fileID: 1293955145361870}
  m_Enabled: 1
  m_CastShadows: 0
  m_ReceiveShadows: 0
  m_DynamicOccludee: 0
  m_MotionVectors: 2
  m_LightProbeUsage: 0
  m_ReflectionProbeUsage: 0
  m_RenderingLayerMask: 4294967295
  m_Materials:
  - {fileID: 2100000, guid: 16ecd75afe9be514d80b14fe14a4f4ea, type: 2}
  m_StaticBatchInfo:
    firstSubMesh: 0
    subMeshCount: 0
  m_StaticBatchRoot: {fileID: 0}
  m_ProbeAnchor: {fileID: 0}
  m_LightProbeVolumeOverride: {fileID: 0}
  m_ScaleInLightmap: 1
  m_PreserveUVs: 0
  m_IgnoreNormalsForChartDetection: 0
  m_ImportantGI: 0
  m_StitchLightmapSeams: 0
  m_SelectedEditorRenderState: 3
  m_MinimumChartSize: 4
  m_AutoUVMaxDistance: 0.5
  m_AutoUVMaxAngle: 89
  m_LightmapParameters: {fileID: 0}
  m_SortingLayerID: 1008690367
  m_SortingLayer: 19
  m_SortingOrder: 1
--- !u!23 &23827537371418470
MeshRenderer:
  m_ObjectHideFlags: 1
  m_CorrespondingSourceObject: {fileID: 0}
  m_PrefabInternal: {fileID: 100100000}
  m_GameObject: {fileID: 1522221583068706}
  m_Enabled: 1
  m_CastShadows: 0
  m_ReceiveShadows: 0
  m_DynamicOccludee: 0
  m_MotionVectors: 2
  m_LightProbeUsage: 0
  m_ReflectionProbeUsage: 0
  m_RenderingLayerMask: 4294967295
  m_Materials:
  - {fileID: 2100000, guid: 16ecd75afe9be514d80b14fe14a4f4ea, type: 2}
  m_StaticBatchInfo:
    firstSubMesh: 0
    subMeshCount: 0
  m_StaticBatchRoot: {fileID: 0}
  m_ProbeAnchor: {fileID: 0}
  m_LightProbeVolumeOverride: {fileID: 0}
  m_ScaleInLightmap: 1
  m_PreserveUVs: 0
  m_IgnoreNormalsForChartDetection: 0
  m_ImportantGI: 0
  m_StitchLightmapSeams: 0
  m_SelectedEditorRenderState: 3
  m_MinimumChartSize: 4
  m_AutoUVMaxDistance: 0.5
  m_AutoUVMaxAngle: 89
  m_LightmapParameters: {fileID: 0}
  m_SortingLayerID: 1008690367
  m_SortingLayer: 19
  m_SortingOrder: 1
--- !u!23 &23898281026431780
MeshRenderer:
  m_ObjectHideFlags: 1
  m_CorrespondingSourceObject: {fileID: 0}
  m_PrefabInternal: {fileID: 100100000}
  m_GameObject: {fileID: 1782832792261000}
  m_Enabled: 1
  m_CastShadows: 0
  m_ReceiveShadows: 0
  m_DynamicOccludee: 0
  m_MotionVectors: 2
  m_LightProbeUsage: 0
  m_ReflectionProbeUsage: 0
  m_RenderingLayerMask: 4294967295
  m_Materials:
  - {fileID: 2100000, guid: 16ecd75afe9be514d80b14fe14a4f4ea, type: 2}
  m_StaticBatchInfo:
    firstSubMesh: 0
    subMeshCount: 0
  m_StaticBatchRoot: {fileID: 0}
  m_ProbeAnchor: {fileID: 0}
  m_LightProbeVolumeOverride: {fileID: 0}
  m_ScaleInLightmap: 1
  m_PreserveUVs: 0
  m_IgnoreNormalsForChartDetection: 0
  m_ImportantGI: 0
  m_StitchLightmapSeams: 0
  m_SelectedEditorRenderState: 3
  m_MinimumChartSize: 4
  m_AutoUVMaxDistance: 0.5
  m_AutoUVMaxAngle: 89
  m_LightmapParameters: {fileID: 0}
  m_SortingLayerID: 1008690367
  m_SortingLayer: 19
  m_SortingOrder: 1
--- !u!33 &33086388446635098
MeshFilter:
  m_ObjectHideFlags: 1
  m_CorrespondingSourceObject: {fileID: 0}
  m_PrefabInternal: {fileID: 100100000}
  m_GameObject: {fileID: 1522221583068706}
  m_Mesh: {fileID: 0}
--- !u!33 &33089410239417748
MeshFilter:
  m_ObjectHideFlags: 1
  m_CorrespondingSourceObject: {fileID: 0}
  m_PrefabInternal: {fileID: 100100000}
  m_GameObject: {fileID: 1293955145361870}
  m_Mesh: {fileID: 0}
--- !u!33 &33702249966333232
MeshFilter:
  m_ObjectHideFlags: 1
  m_CorrespondingSourceObject: {fileID: 0}
  m_PrefabInternal: {fileID: 100100000}
  m_GameObject: {fileID: 1063975504412744}
  m_Mesh: {fileID: 0}
--- !u!33 &33840640927621058
MeshFilter:
  m_ObjectHideFlags: 1
  m_CorrespondingSourceObject: {fileID: 0}
  m_PrefabInternal: {fileID: 100100000}
  m_GameObject: {fileID: 1782832792261000}
  m_Mesh: {fileID: 0}
--- !u!95 &95615846332897986
Animator:
  serializedVersion: 3
  m_ObjectHideFlags: 1
  m_CorrespondingSourceObject: {fileID: 0}
  m_PrefabInternal: {fileID: 100100000}
  m_GameObject: {fileID: 1688157481331466}
  m_Enabled: 1
  m_Avatar: {fileID: 0}
  m_Controller: {fileID: 9100000, guid: e391eb2641bd641fd8940bdfac555cd1, type: 2}
  m_CullingMode: 0
  m_UpdateMode: 0
  m_ApplyRootMotion: 0
  m_LinearVelocityBlending: 0
  m_WarningMessage: 
  m_HasTransformHierarchy: 1
  m_AllowConstantClipSamplingOptimization: 1
  m_KeepAnimatorControllerStateOnDisable: 0
--- !u!114 &114019359358139388
MonoBehaviour:
  m_ObjectHideFlags: 1
  m_CorrespondingSourceObject: {fileID: 0}
  m_PrefabInternal: {fileID: 100100000}
  m_GameObject: {fileID: 1782832792261000}
  m_Enabled: 1
  m_EditorHideFlags: 0
  m_Script: {fileID: 11500000, guid: b704f2c9b54c8494e841f7e2945f706b, type: 3}
  m_Name: 
  m_EditorClassIdentifier: 
  _audioController: {fileID: 0}
  _audioEventName: Ping
  _chip: {fileID: 114916951819760936}
  _animations:
  - _animation: ping2
    _delay: 0
--- !u!114 &114033997380564998
MonoBehaviour:
  m_ObjectHideFlags: 1
  m_CorrespondingSourceObject: {fileID: 0}
  m_PrefabInternal: {fileID: 100100000}
  m_GameObject: {fileID: 1522221583068706}
  m_Enabled: 1
  m_EditorHideFlags: 0
  m_Script: {fileID: 11500000, guid: 4d72a628e5a44c889831bfdfc17c5879, type: 3}
  m_Name: 
  m_EditorClassIdentifier: 
  _relativeSortingOrder: 1
--- !u!114 &114087477325092218
MonoBehaviour:
  m_ObjectHideFlags: 1
  m_CorrespondingSourceObject: {fileID: 0}
  m_PrefabInternal: {fileID: 100100000}
  m_GameObject: {fileID: 1782832792261000}
  m_Enabled: 1
  m_EditorHideFlags: 0
  m_Script: {fileID: 11500000, guid: c979ba42367575c4d89b1680c03708fa, type: 3}
  m_Name: 
  m_EditorClassIdentifier: 
  _source: {fileID: 82913570830883884, guid: 6c7e277d165c4fc49a86099f39634be6, type: 2}
  _playOnEnable: 0
  _destroyOnStop: 0
--- !u!114 &114145374337158104
MonoBehaviour:
  m_ObjectHideFlags: 1
  m_CorrespondingSourceObject: {fileID: 0}
  m_PrefabInternal: {fileID: 100100000}
  m_GameObject: {fileID: 1782832792261000}
  m_Enabled: 1
  m_EditorHideFlags: 0
  m_Script: {fileID: 11500000, guid: d247ba06193faa74d9335f5481b2b56c, type: 3}
  m_Name: 
  m_EditorClassIdentifier: 
  skeletonDataAsset: {fileID: 11400000, guid: c12b805bdac31754f84dd5f6bd2ec88f, type: 2}
  initialSkinName: default
  initialFlipX: 0
  initialFlipY: 0
  separatorSlotNames: []
  zSpacing: 0
  useClipping: 1
  immutableTriangles: 0
  pmaVertexColors: 0
  clearStateOnDisable: 0
  tintBlack: 0
  singleSubmesh: 0
  addNormals: 0
  calculateTangents: 0
  logErrors: 0
  disableRenderingOnOverride: 1
  _animationName: idle2
  loop: 0
  timeScale: 1
--- !u!114 &114195444728484244
MonoBehaviour:
  m_ObjectHideFlags: 1
  m_CorrespondingSourceObject: {fileID: 0}
  m_PrefabInternal: {fileID: 100100000}
  m_GameObject: {fileID: 1339082632512572}
  m_Enabled: 1
  m_EditorHideFlags: 0
  m_Script: {fileID: 11500000, guid: f039cab5078d9134c8bedc0d7a5ca57c, type: 3}
  m_Name: 
  m_EditorClassIdentifier: 
  _groups:
  - handleHide: 0
    hideParticlesPrefab: {fileID: 0}
    parts:
    - {fileID: 1522221583068706}
  - handleHide: 1
    hideParticlesPrefab: {fileID: 0}
    parts:
    - {fileID: 1293955145361870}
  - handleHide: 1
    hideParticlesPrefab: {fileID: 198484636328169584, guid: 3507a15dd52de0a4a9374201ea2d922d,
      type: 2}
    parts:
    - {fileID: 1782832792261000}
  - handleHide: 1
    hideParticlesPrefab: {fileID: 198484636328169584, guid: 3507a15dd52de0a4a9374201ea2d922d,
      type: 2}
    parts:
    - {fileID: 1063975504412744}
  _updateStateOnHealthChanges: 1
  _impactAnimTemplate: 
  _consumptionAnimTemplate: consumption{0}
  _periodicAnimInterval:
    _minLimit: 0
    _maxLimit: 0
    _minValue: 0
    _maxValue: 0
  _idleAnimTemplate: idle{0}
  _periodicAnimTemplate: 
--- !u!114 &114207384734821914
MonoBehaviour:
  m_ObjectHideFlags: 1
  m_CorrespondingSourceObject: {fileID: 0}
  m_PrefabInternal: {fileID: 100100000}
  m_GameObject: {fileID: 1568140366158308}
  m_Enabled: 1
  m_EditorHideFlags: 0
  m_Script: {fileID: 11500000, guid: 6364d9ee80cb9e3418be26bd92dbd558, type: 3}
  m_Name: 
  m_EditorClassIdentifier: 
  _maxHealth: 3
  _impactFlags: -1
  _maxEditorHealth: 3
--- !u!114 &114230770085754898
MonoBehaviour:
  m_ObjectHideFlags: 1
  m_CorrespondingSourceObject: {fileID: 0}
  m_PrefabInternal: {fileID: 100100000}
  m_GameObject: {fileID: 1688157481331466}
  m_Enabled: 1
  m_EditorHideFlags: 0
  m_Script: {fileID: 11500000, guid: a155d2042d3d4c2db52a922210bea2ae, type: 3}
  m_Name: 
  m_EditorClassIdentifier: 
  _epsilon: 0
--- !u!114 &114263608212610594
MonoBehaviour:
  m_ObjectHideFlags: 1
  m_CorrespondingSourceObject: {fileID: 0}
  m_PrefabInternal: {fileID: 100100000}
  m_GameObject: {fileID: 1688157481331466}
  m_Enabled: 1
  m_EditorHideFlags: 0
  m_Script: {fileID: 11500000, guid: 419176bab51740d1b374ddd48d87426e, type: 3}
  m_Name: 
  m_EditorClassIdentifier: 
--- !u!114 &114269581086628318
MonoBehaviour:
  m_ObjectHideFlags: 1
  m_CorrespondingSourceObject: {fileID: 0}
  m_PrefabInternal: {fileID: 100100000}
  m_GameObject: {fileID: 1688157481331466}
  m_Enabled: 1
  m_EditorHideFlags: 0
  m_Script: {fileID: 11500000, guid: c979ba42367575c4d89b1680c03708fa, type: 3}
  m_Name: 
  m_EditorClassIdentifier: 
  _source: {fileID: 0}
  _playOnEnable: 0
  _destroyOnStop: 0
--- !u!114 &114271687671396638
MonoBehaviour:
  m_ObjectHideFlags: 1
  m_CorrespondingSourceObject: {fileID: 0}
  m_PrefabInternal: {fileID: 100100000}
  m_GameObject: {fileID: 1063975504412744}
  m_Enabled: 1
  m_EditorHideFlags: 0
  m_Script: {fileID: 11500000, guid: b704f2c9b54c8494e841f7e2945f706b, type: 3}
  m_Name: 
  m_EditorClassIdentifier: 
  _audioController: {fileID: 0}
  _audioEventName: Ping
  _chip: {fileID: 114916951819760936}
  _animations:
  - _animation: ping3
    _delay: 0
--- !u!114 &114281886655914504
MonoBehaviour:
  m_ObjectHideFlags: 1
  m_CorrespondingSourceObject: {fileID: 0}
  m_PrefabInternal: {fileID: 100100000}
  m_GameObject: {fileID: 1339082632512572}
  m_Enabled: 1
  m_EditorHideFlags: 0
  m_Script: {fileID: 11500000, guid: 8df51dd332f14f8d8d66c17f2d5159df, type: 3}
  m_Name: 
  m_EditorClassIdentifier: 
--- !u!114 &114283148277881426
MonoBehaviour:
  m_ObjectHideFlags: 1
  m_CorrespondingSourceObject: {fileID: 0}
  m_PrefabInternal: {fileID: 100100000}
  m_GameObject: {fileID: 1568140366158308}
  m_Enabled: 1
  m_EditorHideFlags: 0
  m_Script: {fileID: 11500000, guid: 2cc3debccff86514cbb3218283be6c81, type: 3}
  m_Name: 
  m_EditorClassIdentifier: 
  _tags:
    _chipTags: []
--- !u!114 &114329706538050022
MonoBehaviour:
  m_ObjectHideFlags: 1
  m_CorrespondingSourceObject: {fileID: 0}
  m_PrefabInternal: {fileID: 100100000}
  m_GameObject: {fileID: 1063975504412744}
  m_Enabled: 1
  m_EditorHideFlags: 0
  m_Script: {fileID: 11500000, guid: 4d72a628e5a44c889831bfdfc17c5879, type: 3}
  m_Name: 
  m_EditorClassIdentifier: 
  _relativeSortingOrder: 1
--- !u!114 &114338821151200574
MonoBehaviour:
  m_ObjectHideFlags: 1
  m_CorrespondingSourceObject: {fileID: 0}
  m_PrefabInternal: {fileID: 100100000}
  m_GameObject: {fileID: 1339082632512572}
  m_Enabled: 1
  m_EditorHideFlags: 0
  m_Script: {fileID: 11500000, guid: f0719d0b3e3f940458500cdf7eb52b61, type: 3}
  m_Name: 
  m_EditorClassIdentifier: 
  _chip: {fileID: 114916951819760936}
  _consumptionEffect: {fileID: 0}
  _impactEffect: {fileID: 0}
  _impactTrigger: 
  _impactAnimatorState: Impact
  _consumptionAnimatorState: Consuming
  _lockedParameter: IsLocked
  _healthParameter: Health
  _consumptionEffectEvent: ConsumptionEffect
  _consumptionReleaseCellEvent: ConsumptionReleaseCell
  _animationDirectionXParameter: AnimationDirectionX
  _animationDirectionYParameter: AnimationDirectionY
  _idleTypeParamName: IdleType
  _animatorContoller: {fileID: 114713632141633314}
  _appearingTrigger: OnAppear
  _containerImpactTrigger: OnContainerImpact
  _containerImpactAnimatorState: ContainerImpact
--- !u!114 &114352559221536250
MonoBehaviour:
  m_ObjectHideFlags: 1
  m_CorrespondingSourceObject: {fileID: 0}
  m_PrefabInternal: {fileID: 100100000}
  m_GameObject: {fileID: 1339082632512572}
  m_Enabled: 1
  m_EditorHideFlags: 0
  m_Script: {fileID: 11500000, guid: f71828a90fc0c094da8ccb69a1dd8d41, type: 3}
  m_Name: 
  m_EditorClassIdentifier: 
  _movementSettings: {fileID: 11400000, guid: b483870bc499fbd4599d70ac14242261, type: 2}
--- !u!114 &114393448531572552
MonoBehaviour:
  m_ObjectHideFlags: 1
  m_CorrespondingSourceObject: {fileID: 0}
  m_PrefabInternal: {fileID: 100100000}
  m_GameObject: {fileID: 1063975504412744}
  m_Enabled: 1
  m_EditorHideFlags: 0
  m_Script: {fileID: 11500000, guid: 6e840e12b75e43ebb2ff33ba71b089e4, type: 3}
  m_Name: 
  m_EditorClassIdentifier: 
--- !u!114 &114469838197379742
MonoBehaviour:
  m_ObjectHideFlags: 1
  m_CorrespondingSourceObject: {fileID: 0}
  m_PrefabInternal: {fileID: 100100000}
  m_GameObject: {fileID: 1339082632512572}
  m_Enabled: 1
  m_EditorHideFlags: 0
  m_Script: {fileID: 11500000, guid: 6e840e12b75e43ebb2ff33ba71b089e4, type: 3}
  m_Name: 
  m_EditorClassIdentifier: 
--- !u!114 &114502313005766382
MonoBehaviour:
  m_ObjectHideFlags: 1
  m_CorrespondingSourceObject: {fileID: 0}
  m_PrefabInternal: {fileID: 100100000}
  m_GameObject: {fileID: 1878162468980848}
  m_Enabled: 1
  m_EditorHideFlags: 0
  m_Script: {fileID: 11500000, guid: c979ba42367575c4d89b1680c03708fa, type: 3}
  m_Name: 
  m_EditorClassIdentifier: 
  _source: {fileID: 0}
  _playOnEnable: 0
  _destroyOnStop: 0
--- !u!114 &114525131044113340
MonoBehaviour:
  m_ObjectHideFlags: 1
  m_CorrespondingSourceObject: {fileID: 0}
  m_PrefabInternal: {fileID: 100100000}
  m_GameObject: {fileID: 1063975504412744}
  m_Enabled: 1
  m_EditorHideFlags: 0
  m_Script: {fileID: 11500000, guid: c979ba42367575c4d89b1680c03708fa, type: 3}
  m_Name: 
  m_EditorClassIdentifier: 
  _source: {fileID: 82913570830883884, guid: 6c7e277d165c4fc49a86099f39634be6, type: 2}
  _playOnEnable: 0
  _destroyOnStop: 0
--- !u!114 &114568416640895704
MonoBehaviour:
  m_ObjectHideFlags: 1
  m_CorrespondingSourceObject: {fileID: 0}
  m_PrefabInternal: {fileID: 100100000}
  m_GameObject: {fileID: 1339082632512572}
  m_Enabled: 1
  m_EditorHideFlags: 0
  m_Script: {fileID: 11500000, guid: 02af9eae9388441b974bd2453e2a6770, type: 3}
  m_Name: 
  m_EditorClassIdentifier: 
  _teleportationTriggerName: OnTeleportation
  _teleportingEndTriggerName: OnTeleportingEnd
  _teleportExitStateName: TeleportExit
  _teleportationTypeParamName: TeleportationType
--- !u!114 &114578359473651178
MonoBehaviour:
  m_ObjectHideFlags: 1
  m_CorrespondingSourceObject: {fileID: 0}
  m_PrefabInternal: {fileID: 100100000}
  m_GameObject: {fileID: 1293955145361870}
  m_Enabled: 1
  m_EditorHideFlags: 0
  m_Script: {fileID: 11500000, guid: c979ba42367575c4d89b1680c03708fa, type: 3}
  m_Name: 
  m_EditorClassIdentifier: 
  _source: {fileID: 82913570830883884, guid: 6c7e277d165c4fc49a86099f39634be6, type: 2}
  _playOnEnable: 0
  _destroyOnStop: 0
--- !u!114 &114603382579524492
MonoBehaviour:
  m_ObjectHideFlags: 1
  m_CorrespondingSourceObject: {fileID: 0}
  m_PrefabInternal: {fileID: 100100000}
  m_GameObject: {fileID: 1522221583068706}
  m_Enabled: 1
  m_EditorHideFlags: 0
  m_Script: {fileID: 11500000, guid: 6e840e12b75e43ebb2ff33ba71b089e4, type: 3}
  m_Name: 
  m_EditorClassIdentifier: 
--- !u!114 &114656782607092970
MonoBehaviour:
  m_ObjectHideFlags: 1
  m_CorrespondingSourceObject: {fileID: 0}
  m_PrefabInternal: {fileID: 100100000}
  m_GameObject: {fileID: 1782832792261000}
  m_Enabled: 1
  m_EditorHideFlags: 0
  m_Script: {fileID: 11500000, guid: 4d72a628e5a44c889831bfdfc17c5879, type: 3}
  m_Name: 
  m_EditorClassIdentifier: 
  _relativeSortingOrder: 1
--- !u!114 &114709171403332488
MonoBehaviour:
  m_ObjectHideFlags: 1
  m_CorrespondingSourceObject: {fileID: 0}
  m_PrefabInternal: {fileID: 100100000}
  m_GameObject: {fileID: 1522221583068706}
  m_Enabled: 1
  m_EditorHideFlags: 0
  m_Script: {fileID: 11500000, guid: d247ba06193faa74d9335f5481b2b56c, type: 3}
  m_Name: 
  m_EditorClassIdentifier: 
  skeletonDataAsset: {fileID: 11400000, guid: c12b805bdac31754f84dd5f6bd2ec88f, type: 2}
  initialSkinName: default
  initialFlipX: 0
  initialFlipY: 0
  separatorSlotNames: []
  zSpacing: 0
  useClipping: 1
  immutableTriangles: 0
  pmaVertexColors: 0
  clearStateOnDisable: 0
  tintBlack: 0
  singleSubmesh: 0
  addNormals: 0
  calculateTangents: 0
  logErrors: 0
  disableRenderingOnOverride: 1
  _animationName: idle0
  loop: 0
  timeScale: 1
--- !u!114 &114713632141633314
MonoBehaviour:
  m_ObjectHideFlags: 1
  m_CorrespondingSourceObject: {fileID: 0}
  m_PrefabInternal: {fileID: 100100000}
  m_GameObject: {fileID: 1688157481331466}
  m_Enabled: 1
  m_EditorHideFlags: 0
  m_Script: {fileID: 11500000, guid: d27f4a4d49574366842f963f91f81eb2, type: 3}
  m_Name: 
  m_EditorClassIdentifier: 
  _normalizedTimeParameter: NormalizedTime
--- !u!114 &114714979712869720
MonoBehaviour:
  m_ObjectHideFlags: 1
  m_CorrespondingSourceObject: {fileID: 0}
  m_PrefabInternal: {fileID: 100100000}
  m_GameObject: {fileID: 1688157481331466}
  m_Enabled: 1
  m_EditorHideFlags: 0
  m_Script: {fileID: 11500000, guid: 029074d103f11b64898ff7fc46510aac, type: 3}
  m_Name: 
  m_EditorClassIdentifier: 
  _player: {fileID: 114502313005766382}
  _settings: {fileID: 11400000, guid: c4836ff33969f4146b6cffd134025805, type: 2}
--- !u!114 &114740101215814516
MonoBehaviour:
  m_ObjectHideFlags: 1
  m_CorrespondingSourceObject: {fileID: 0}
  m_PrefabInternal: {fileID: 100100000}
  m_GameObject: {fileID: 1568140366158308}
  m_Enabled: 1
  m_EditorHideFlags: 0
  m_Script: {fileID: 11500000, guid: 5f29479311d4f2b469490ab605d663e5, type: 3}
  m_Name: 
  m_EditorClassIdentifier: 
--- !u!114 &114741182795041204
MonoBehaviour:
  m_ObjectHideFlags: 1
  m_CorrespondingSourceObject: {fileID: 0}
  m_PrefabInternal: {fileID: 100100000}
  m_GameObject: {fileID: 1522221583068706}
  m_Enabled: 1
  m_EditorHideFlags: 0
  m_Script: {fileID: 11500000, guid: b704f2c9b54c8494e841f7e2945f706b, type: 3}
  m_Name: 
  m_EditorClassIdentifier: 
  _audioController: {fileID: 0}
  _audioEventName: Ping
  _chip: {fileID: 114916951819760936}
  _animations:
  - _animation: ping0
    _delay: 0
--- !u!114 &114741654616974022
MonoBehaviour:
  m_ObjectHideFlags: 1
  m_CorrespondingSourceObject: {fileID: 0}
  m_PrefabInternal: {fileID: 100100000}
  m_GameObject: {fileID: 1293955145361870}
  m_Enabled: 1
  m_EditorHideFlags: 0
  m_Script: {fileID: 11500000, guid: b704f2c9b54c8494e841f7e2945f706b, type: 3}
  m_Name: 
  m_EditorClassIdentifier: 
  _audioController: {fileID: 0}
  _audioEventName: Ping
  _chip: {fileID: 114916951819760936}
  _animations:
  - _animation: ping1
    _delay: 0
--- !u!114 &114769224735779402
MonoBehaviour:
  m_ObjectHideFlags: 1
  m_CorrespondingSourceObject: {fileID: 0}
  m_PrefabInternal: {fileID: 100100000}
  m_GameObject: {fileID: 1568140366158308}
  m_Enabled: 1
  m_EditorHideFlags: 0
  m_Script: {fileID: 11500000, guid: 34b7191c84a6c62489b3904cc715f94a, type: 3}
  m_Name: 
  m_EditorClassIdentifier: 
  _viewSource: {fileID: 4398699261738352}
  _viewTarget: {fileID: 4933178414609858}
--- !u!114 &114852050889280906
MonoBehaviour:
  m_ObjectHideFlags: 1
  m_CorrespondingSourceObject: {fileID: 0}
  m_PrefabInternal: {fileID: 100100000}
  m_GameObject: {fileID: 1688157481331466}
  m_Enabled: 1
  m_EditorHideFlags: 0
  m_Script: {fileID: 11500000, guid: a578415855494705a64fa947dfe8277e, type: 3}
  m_Name: 
  m_EditorClassIdentifier: 
  _effectMatrixName: _ExplosionEffectTransformation
  _radius: 0.78
  _restoreStateDuration: 0.5
--- !u!114 &114889541393840828
MonoBehaviour:
  m_ObjectHideFlags: 1
  m_CorrespondingSourceObject: {fileID: 0}
  m_PrefabInternal: {fileID: 100100000}
  m_GameObject: {fileID: 1293955145361870}
  m_Enabled: 1
  m_EditorHideFlags: 0
  m_Script: {fileID: 11500000, guid: d247ba06193faa74d9335f5481b2b56c, type: 3}
  m_Name: 
  m_EditorClassIdentifier: 
  skeletonDataAsset: {fileID: 11400000, guid: c12b805bdac31754f84dd5f6bd2ec88f, type: 2}
  initialSkinName: default
  initialFlipX: 0
  initialFlipY: 0
  separatorSlotNames: []
  zSpacing: 0
  useClipping: 1
  immutableTriangles: 0
  pmaVertexColors: 0
  clearStateOnDisable: 0
  tintBlack: 0
  singleSubmesh: 0
  addNormals: 0
  calculateTangents: 0
  logErrors: 0
  disableRenderingOnOverride: 1
  _animationName: idle1
  loop: 0
  timeScale: 1
--- !u!114 &114912943735429018
MonoBehaviour:
  m_ObjectHideFlags: 1
  m_CorrespondingSourceObject: {fileID: 0}
  m_PrefabInternal: {fileID: 100100000}
  m_GameObject: {fileID: 1293955145361870}
  m_Enabled: 1
  m_EditorHideFlags: 0
  m_Script: {fileID: 11500000, guid: 4d72a628e5a44c889831bfdfc17c5879, type: 3}
  m_Name: 
  m_EditorClassIdentifier: 
  _relativeSortingOrder: 1
--- !u!114 &114916951819760936
MonoBehaviour:
  m_ObjectHideFlags: 1
  m_CorrespondingSourceObject: {fileID: 0}
  m_PrefabInternal: {fileID: 100100000}
  m_GameObject: {fileID: 1568140366158308}
  m_Enabled: 1
  m_EditorHideFlags: 0
  m_Script: {fileID: 11500000, guid: 2b169be93e1cf4eb693719c92860cc21, type: 3}
  m_Name: 
  m_EditorClassIdentifier: 
  _view: {fileID: 114338821151200574}
  _chipTags: {fileID: 114283148277881426}
  _settings: {fileID: 11400000, guid: 7ef8c23c84e4c0f45917b8d99c9b8506, type: 2}
--- !u!114 &114937804860879160
MonoBehaviour:
  m_ObjectHideFlags: 1
  m_CorrespondingSourceObject: {fileID: 0}
  m_PrefabInternal: {fileID: 100100000}
  m_GameObject: {fileID: 1782832792261000}
  m_Enabled: 1
  m_EditorHideFlags: 0
  m_Script: {fileID: 11500000, guid: 6e840e12b75e43ebb2ff33ba71b089e4, type: 3}
  m_Name: 
  m_EditorClassIdentifier: 
--- !u!114 &114949935910891506
MonoBehaviour:
  m_ObjectHideFlags: 1
  m_CorrespondingSourceObject: {fileID: 0}
  m_PrefabInternal: {fileID: 100100000}
  m_GameObject: {fileID: 1063975504412744}
  m_Enabled: 1
  m_EditorHideFlags: 0
  m_Script: {fileID: 11500000, guid: d247ba06193faa74d9335f5481b2b56c, type: 3}
  m_Name: 
  m_EditorClassIdentifier: 
  skeletonDataAsset: {fileID: 11400000, guid: c12b805bdac31754f84dd5f6bd2ec88f, type: 2}
  initialSkinName: default
  initialFlipX: 0
  initialFlipY: 0
  separatorSlotNames: []
  zSpacing: 0
  useClipping: 1
  immutableTriangles: 0
  pmaVertexColors: 0
  clearStateOnDisable: 0
  tintBlack: 0
  singleSubmesh: 0
  addNormals: 0
  calculateTangents: 0
  logErrors: 0
  disableRenderingOnOverride: 1
  _animationName: idle3
  loop: 0
  timeScale: 1
--- !u!114 &114976732930117346
MonoBehaviour:
  m_ObjectHideFlags: 1
  m_CorrespondingSourceObject: {fileID: 0}
  m_PrefabInternal: {fileID: 100100000}
  m_GameObject: {fileID: 1293955145361870}
  m_Enabled: 1
  m_EditorHideFlags: 0
  m_Script: {fileID: 11500000, guid: 6e840e12b75e43ebb2ff33ba71b089e4, type: 3}
  m_Name: 
  m_EditorClassIdentifier: 
--- !u!210 &210327642951821128
SortingGroup:
  m_ObjectHideFlags: 1
  m_CorrespondingSourceObject: {fileID: 0}
  m_PrefabInternal: {fileID: 100100000}
  m_GameObject: {fileID: 1339082632512572}
  m_Enabled: 1
  m_SortingLayerID: 1008690367
  m_SortingLayer: 19
  m_SortingOrder: 0
