%YAML 1.1
%TAG !u! tag:unity3d.com,2011:
--- !u!29 &1
OcclusionCullingSettings:
  m_ObjectHideFlags: 0
  serializedVersion: 2
  m_OcclusionBakeSettings:
    smallestOccluder: 5
    smallestHole: 0.25
    backfaceThreshold: 100
  m_SceneGUID: 00000000000000000000000000000000
  m_OcclusionCullingData: {fileID: 0}
--- !u!104 &2
RenderSettings:
  m_ObjectHideFlags: 0
  serializedVersion: 9
  m_Fog: 0
  m_FogColor: {r: 0.5, g: 0.5, b: 0.5, a: 1}
  m_FogMode: 3
  m_FogDensity: 0.01
  m_LinearFogStart: 0
  m_LinearFogEnd: 300
  m_AmbientSkyColor: {r: 0.212, g: 0.227, b: 0.259, a: 1}
  m_AmbientEquatorColor: {r: 0.114, g: 0.125, b: 0.133, a: 1}
  m_AmbientGroundColor: {r: 0.047, g: 0.043, b: 0.035, a: 1}
  m_AmbientIntensity: 1
  m_AmbientMode: 3
  m_SubtractiveShadowColor: {r: 0.42, g: 0.478, b: 0.627, a: 1}
  m_SkyboxMaterial: {fileID: 0}
  m_HaloStrength: 0.5
  m_FlareStrength: 1
  m_FlareFadeSpeed: 3
  m_HaloTexture: {fileID: 0}
  m_SpotCookie: {fileID: 10001, guid: 0000000000000000e000000000000000, type: 0}
  m_DefaultReflectionMode: 0
  m_DefaultReflectionResolution: 128
  m_ReflectionBounces: 1
  m_ReflectionIntensity: 1
  m_CustomReflection: {fileID: 0}
  m_Sun: {fileID: 0}
  m_IndirectSpecularColor: {r: 0, g: 0, b: 0, a: 1}
  m_UseRadianceAmbientProbe: 0
--- !u!157 &3
LightmapSettings:
  m_ObjectHideFlags: 0
  serializedVersion: 11
  m_GIWorkflowMode: 1
  m_GISettings:
    serializedVersion: 2
    m_BounceScale: 1
    m_IndirectOutputScale: 1
    m_AlbedoBoost: 1
    m_TemporalCoherenceThreshold: 1
    m_EnvironmentLightingMode: 0
    m_EnableBakedLightmaps: 0
    m_EnableRealtimeLightmaps: 0
  m_LightmapEditorSettings:
    serializedVersion: 10
    m_Resolution: 2
    m_BakeResolution: 40
    m_AtlasSize: 1024
    m_AO: 0
    m_AOMaxDistance: 1
    m_CompAOExponent: 1
    m_CompAOExponentDirect: 0
    m_Padding: 2
    m_LightmapParameters: {fileID: 0}
    m_LightmapsBakeMode: 1
    m_TextureCompression: 1
    m_FinalGather: 0
    m_FinalGatherFiltering: 1
    m_FinalGatherRayCount: 256
    m_ReflectionCompression: 2
    m_MixedBakeMode: 2
    m_BakeBackend: 0
    m_PVRSampling: 1
    m_PVRDirectSampleCount: 32
    m_PVRSampleCount: 500
    m_PVRBounces: 2
    m_PVRFilterTypeDirect: 0
    m_PVRFilterTypeIndirect: 0
    m_PVRFilterTypeAO: 0
    m_PVRFilteringMode: 1
    m_PVRCulling: 1
    m_PVRFilteringGaussRadiusDirect: 1
    m_PVRFilteringGaussRadiusIndirect: 5
    m_PVRFilteringGaussRadiusAO: 2
    m_PVRFilteringAtrousPositionSigmaDirect: 0.5
    m_PVRFilteringAtrousPositionSigmaIndirect: 2
    m_PVRFilteringAtrousPositionSigmaAO: 1
    m_ShowResolutionOverlay: 1
  m_LightingDataAsset: {fileID: 0}
  m_UseShadowmask: 1
--- !u!196 &4
NavMeshSettings:
  serializedVersion: 2
  m_ObjectHideFlags: 0
  m_BuildSettings:
    serializedVersion: 2
    agentTypeID: 0
    agentRadius: 0.5
    agentHeight: 2
    agentSlope: 45
    agentClimb: 0.4
    ledgeDropHeight: 0
    maxJumpAcrossDistance: 0
    minRegionArea: 2
    manualCellSize: 0
    cellSize: 0.16666667
    manualTileSize: 0
    tileSize: 256
    accuratePlacement: 0
    debug:
      m_Flags: 0
  m_NavMeshData: {fileID: 0}
--- !u!1 &116095410
GameObject:
  m_ObjectHideFlags: 0
  m_CorrespondingSourceObject: {fileID: 1671643141580766, guid: 80d5722f22a14d74bb1ffb7b4329b32d,
    type: 2}
  m_PrefabInternal: {fileID: 0}
  serializedVersion: 6
  m_Component:
  - component: {fileID: 116095411}
  - component: {fileID: 116095416}
  - component: {fileID: 116095415}
  - component: {fileID: 116095414}
  - component: {fileID: 116095413}
  - component: {fileID: 116095412}
  m_Layer: 5
  m_Name: Text
  m_TagString: Untagged
  m_Icon: {fileID: 0}
  m_NavMeshLayer: 0
  m_StaticEditorFlags: 0
  m_IsActive: 1
--- !u!224 &116095411
RectTransform:
  m_ObjectHideFlags: 0
  m_CorrespondingSourceObject: {fileID: 224599583649218826, guid: 80d5722f22a14d74bb1ffb7b4329b32d,
    type: 2}
  m_PrefabInternal: {fileID: 0}
  m_GameObject: {fileID: 116095410}
  m_LocalRotation: {x: -0, y: -0, z: -0, w: 1}
  m_LocalPosition: {x: 0, y: 0, z: 0}
  m_LocalScale: {x: 1.0003626, y: 1.0003626, z: 1.0003626}
  m_Children: []
  m_Father: {fileID: 1123260606}
  m_RootOrder: 0
  m_LocalEulerAnglesHint: {x: 0, y: 0, z: 0}
  m_AnchorMin: {x: 0, y: 1}
  m_AnchorMax: {x: 0, y: 1}
  m_AnchoredPosition: {x: 617.7, y: -137.25}
  m_SizeDelta: {x: 1175.4, y: 214.50002}
  m_Pivot: {x: 0.5, y: 0.5}
--- !u!114 &116095412
MonoBehaviour:
  m_ObjectHideFlags: 0
  m_CorrespondingSourceObject: {fileID: 0}
  m_PrefabInternal: {fileID: 0}
  m_GameObject: {fileID: 116095410}
  m_Enabled: 1
  m_EditorHideFlags: 0
  m_Script: {fileID: 1679637790, guid: f70555f144d8491a825f0804e09c671c, type: 3}
  m_Name: 
  m_EditorClassIdentifier: 
  m_IgnoreLayout: 0
  m_MinWidth: -1
  m_MinHeight: 200
  m_PreferredWidth: -1
  m_PreferredHeight: -1
  m_FlexibleWidth: -1
  m_FlexibleHeight: -1
  m_LayoutPriority: 1
--- !u!114 &116095413
MonoBehaviour:
  m_ObjectHideFlags: 0
  m_CorrespondingSourceObject: {fileID: 114656726840649212, guid: 80d5722f22a14d74bb1ffb7b4329b32d,
    type: 2}
  m_PrefabInternal: {fileID: 0}
  m_GameObject: {fileID: 116095410}
  m_Enabled: 1
  m_EditorHideFlags: 0
  m_Script: {fileID: 11500000, guid: b162f62744e6751469689f7325485049, type: 3}
  m_Name: 
  m_EditorClassIdentifier: 
  _textID: TUTOR_MATCH3_BOXES
  _textComponent: {fileID: 116095415}
--- !u!114 &116095414
MonoBehaviour:
  m_ObjectHideFlags: 0
  m_CorrespondingSourceObject: {fileID: 114161752723969638, guid: 80d5722f22a14d74bb1ffb7b4329b32d,
    type: 2}
  m_PrefabInternal: {fileID: 0}
  m_GameObject: {fileID: 116095410}
  m_Enabled: 1
  m_EditorHideFlags: 0
  m_Script: {fileID: 11500000, guid: 0496a6906804c25448300bde82f2b5cb, type: 3}
  m_Name: 
  m_EditorClassIdentifier: 
  _textPresenterComponent: {fileID: 116095415}
--- !u!114 &116095415
MonoBehaviour:
  m_ObjectHideFlags: 0
  m_CorrespondingSourceObject: {fileID: 114936019464855486, guid: 80d5722f22a14d74bb1ffb7b4329b32d,
    type: 2}
  m_PrefabInternal: {fileID: 0}
  m_GameObject: {fileID: 116095410}
  m_Enabled: 1
  m_EditorHideFlags: 0
  m_Script: {fileID: 11500000, guid: 36150239826ae5e44a342d60270c4a4b, type: 3}
  m_Name: 
  m_EditorClassIdentifier: 
  m_Material: {fileID: 0}
  m_Color: {r: 0.5294118, g: 0.3803922, b: 0.19607845, a: 1}
  m_RaycastTarget: 0
  m_OnCullStateChanged:
    m_PersistentCalls:
      m_Calls: []
    m_TypeName: UnityEngine.UI.MaskableGraphic+CullStateChangedEvent, UnityEngine.UI,
      Version=1.0.0.0, Culture=neutral, PublicKeyToken=null
  m_FontData:
    m_Font: {fileID: 12800000, guid: c1e80577616e5044cba173d468b62dff, type: 3}
    m_FontSize: 74
    m_FontStyle: 0
    m_BestFit: 0
    m_MinSize: 6
    m_MaxSize: 80
    m_Alignment: 4
    m_AlignByGeometry: 0
    m_RichText: 1
    m_HorizontalOverflow: 0
    m_VerticalOverflow: 0
    m_LineSpacing: 1
  m_Text: "\u0423\u043D\u0438\u0447\u0442\u043E\u0436\u0430\u0439\u0442\u0435 <color=#008000ff>\u044F\u0449\u0438\u043A\u0438</color>,
    \u0441\u043E\u0431\u0438\u0440\u0430\u044F \u0440\u044F\u0434\u043E\u043C \u043A\u043E\u043C\u0431\u0438\u043D\u0430\u0446\u0438\u0438
    \u0438\u0437 \u0444\u0438\u0448\u0435\u043A \u0438 \u0432\u0437\u0440\u044B\u0432\u0430\u044F
    \u0431\u043E\u043D\u0443\u0441\u044B."
  _textChangedEvent:
    m_PersistentCalls:
      m_Calls: []
    m_TypeName: DreamTeam.Utils.UI.NotifyingText+TextChangedEvent, Assembly-CSharp,
      Version=0.0.0.0, Culture=neutral, PublicKeyToken=null
--- !u!222 &116095416
CanvasRenderer:
  m_ObjectHideFlags: 0
  m_CorrespondingSourceObject: {fileID: 222677271271643652, guid: 80d5722f22a14d74bb1ffb7b4329b32d,
    type: 2}
  m_PrefabInternal: {fileID: 0}
  m_GameObject: {fileID: 116095410}
  m_CullTransparentMesh: 0
--- !u!1 &299692797
GameObject:
  m_ObjectHideFlags: 0
  m_CorrespondingSourceObject: {fileID: 0}
  m_PrefabInternal: {fileID: 0}
  serializedVersion: 6
  m_Component:
  - component: {fileID: 299692803}
  - component: {fileID: 299692802}
  - component: {fileID: 299692801}
  - component: {fileID: 299692800}
  - component: {fileID: 299692799}
  - component: {fileID: 299692798}
  m_Layer: 0
  m_Name: Context
  m_TagString: Untagged
  m_Icon: {fileID: 0}
  m_NavMeshLayer: 0
  m_StaticEditorFlags: 0
  m_IsActive: 1
--- !u!114 &299692798
MonoBehaviour:
  m_ObjectHideFlags: 0
  m_CorrespondingSourceObject: {fileID: 0}
  m_PrefabInternal: {fileID: 0}
  m_GameObject: {fileID: 299692797}
  m_Enabled: 1
  m_EditorHideFlags: 0
  m_Script: {fileID: 11500000, guid: a8f1a418ab10446fb73d38b56a422ff8, type: 3}
  m_Name: 
  m_EditorClassIdentifier: 
  _rootObject: {fileID: 402302029}
--- !u!114 &299692799
MonoBehaviour:
  m_ObjectHideFlags: 0
  m_CorrespondingSourceObject: {fileID: 0}
  m_PrefabInternal: {fileID: 0}
  m_GameObject: {fileID: 299692797}
  m_Enabled: 1
  m_EditorHideFlags: 0
  m_Script: {fileID: 11500000, guid: a8f1a418ab10446fb73d38b56a422ff8, type: 3}
  m_Name: 
  m_EditorClassIdentifier: 
  _rootObject: {fileID: 0}
--- !u!114 &299692800
MonoBehaviour:
  m_ObjectHideFlags: 0
  m_CorrespondingSourceObject: {fileID: 0}
  m_PrefabInternal: {fileID: 0}
  m_GameObject: {fileID: 299692797}
  m_Enabled: 1
  m_EditorHideFlags: 0
  m_Script: {fileID: 11500000, guid: 89715ad69b973a14899afa2c6730b30b, type: 3}
  m_Name: 
  m_EditorClassIdentifier: 
  _installers:
  - {fileID: 299692801}
  _installerPrefabs: []
  _scriptableObjectInstallers: []
  _autoRun: 1
  _parentNewObjectsUnderRoot: 0
  _contractNames: []
  _parentContractName: 
  _parentContractNames:
  - Match3Contract
--- !u!114 &299692801
MonoBehaviour:
  m_ObjectHideFlags: 0
  m_CorrespondingSourceObject: {fileID: 0}
  m_PrefabInternal: {fileID: 0}
  m_GameObject: {fileID: 299692797}
  m_Enabled: 1
  m_EditorHideFlags: 0
  m_Script: {fileID: 11500000, guid: 56499f9cf1624fcca15c4f8e84ea03f0, type: 3}
  m_Name: 
  m_EditorClassIdentifier: 
--- !u!114 &299692802
MonoBehaviour:
  m_ObjectHideFlags: 0
  m_CorrespondingSourceObject: {fileID: 0}
  m_PrefabInternal: {fileID: 0}
  m_GameObject: {fileID: 299692797}
  m_Enabled: 1
  m_EditorHideFlags: 0
  m_Script: {fileID: 11500000, guid: 5667b735e537e3f48a9306a55bb133bf, type: 3}
  m_Name: 
  m_EditorClassIdentifier: 
  _rootType: 1
--- !u!4 &299692803
Transform:
  m_ObjectHideFlags: 0
  m_CorrespondingSourceObject: {fileID: 0}
  m_PrefabInternal: {fileID: 0}
  m_GameObject: {fileID: 299692797}
  m_LocalRotation: {x: 0, y: 0, z: 0, w: 1}
  m_LocalPosition: {x: 0, y: 0, z: 0}
  m_LocalScale: {x: 1, y: 1, z: 1}
  m_Children: []
  m_Father: {fileID: 0}
  m_RootOrder: 1
  m_LocalEulerAnglesHint: {x: 0, y: 0, z: 0}
--- !u!1001 &343738183
Prefab:
  m_ObjectHideFlags: 0
  serializedVersion: 2
  m_Modification:
    m_TransformParent: {fileID: 1164204253}
    m_Modifications:
    - target: {fileID: 224734203228657790, guid: 166f064a3573d944eb9f1b7a0d1ecbbd,
        type: 2}
      propertyPath: m_LocalPosition.x
      value: 0
      objectReference: {fileID: 0}
    - target: {fileID: 224734203228657790, guid: 166f064a3573d944eb9f1b7a0d1ecbbd,
        type: 2}
      propertyPath: m_LocalPosition.y
      value: 0
      objectReference: {fileID: 0}
    - target: {fileID: 224734203228657790, guid: 166f064a3573d944eb9f1b7a0d1ecbbd,
        type: 2}
      propertyPath: m_LocalPosition.z
      value: 0
      objectReference: {fileID: 0}
    - target: {fileID: 224734203228657790, guid: 166f064a3573d944eb9f1b7a0d1ecbbd,
        type: 2}
      propertyPath: m_LocalRotation.x
      value: -0
      objectReference: {fileID: 0}
    - target: {fileID: 224734203228657790, guid: 166f064a3573d944eb9f1b7a0d1ecbbd,
        type: 2}
      propertyPath: m_LocalRotation.y
      value: -0
      objectReference: {fileID: 0}
    - target: {fileID: 224734203228657790, guid: 166f064a3573d944eb9f1b7a0d1ecbbd,
        type: 2}
      propertyPath: m_LocalRotation.z
      value: -0
      objectReference: {fileID: 0}
    - target: {fileID: 224734203228657790, guid: 166f064a3573d944eb9f1b7a0d1ecbbd,
        type: 2}
      propertyPath: m_LocalRotation.w
      value: 1
      objectReference: {fileID: 0}
    - target: {fileID: 224734203228657790, guid: 166f064a3573d944eb9f1b7a0d1ecbbd,
        type: 2}
      propertyPath: m_RootOrder
      value: 3
      objectReference: {fileID: 0}
    - target: {fileID: 224734203228657790, guid: 166f064a3573d944eb9f1b7a0d1ecbbd,
        type: 2}
      propertyPath: m_AnchoredPosition.x
      value: -77
      objectReference: {fileID: 0}
    - target: {fileID: 224734203228657790, guid: 166f064a3573d944eb9f1b7a0d1ecbbd,
        type: 2}
      propertyPath: m_AnchoredPosition.y
      value: 39
      objectReference: {fileID: 0}
    - target: {fileID: 224734203228657790, guid: 166f064a3573d944eb9f1b7a0d1ecbbd,
        type: 2}
      propertyPath: m_SizeDelta.x
      value: 0
      objectReference: {fileID: 0}
    - target: {fileID: 224734203228657790, guid: 166f064a3573d944eb9f1b7a0d1ecbbd,
        type: 2}
      propertyPath: m_SizeDelta.y
      value: 0
      objectReference: {fileID: 0}
    - target: {fileID: 224734203228657790, guid: 166f064a3573d944eb9f1b7a0d1ecbbd,
        type: 2}
      propertyPath: m_AnchorMin.x
      value: 1
      objectReference: {fileID: 0}
    - target: {fileID: 224734203228657790, guid: 166f064a3573d944eb9f1b7a0d1ecbbd,
        type: 2}
      propertyPath: m_AnchorMin.y
      value: 0
      objectReference: {fileID: 0}
    - target: {fileID: 224734203228657790, guid: 166f064a3573d944eb9f1b7a0d1ecbbd,
        type: 2}
      propertyPath: m_AnchorMax.x
      value: 1
      objectReference: {fileID: 0}
    - target: {fileID: 224734203228657790, guid: 166f064a3573d944eb9f1b7a0d1ecbbd,
        type: 2}
      propertyPath: m_AnchorMax.y
      value: 0
      objectReference: {fileID: 0}
    - target: {fileID: 224734203228657790, guid: 166f064a3573d944eb9f1b7a0d1ecbbd,
        type: 2}
      propertyPath: m_Pivot.x
      value: 1
      objectReference: {fileID: 0}
    - target: {fileID: 224734203228657790, guid: 166f064a3573d944eb9f1b7a0d1ecbbd,
        type: 2}
      propertyPath: m_Pivot.y
      value: 0
      objectReference: {fileID: 0}
    m_RemovedComponents: []
  m_SourcePrefab: {fileID: 100100000, guid: 166f064a3573d944eb9f1b7a0d1ecbbd, type: 2}
  m_IsPrefabAsset: 0
--- !u!224 &343738184 stripped
RectTransform:
  m_CorrespondingSourceObject: {fileID: 224734203228657790, guid: 166f064a3573d944eb9f1b7a0d1ecbbd,
    type: 2}
  m_PrefabInternal: {fileID: 343738183}
--- !u!1 &402302029
GameObject:
  m_ObjectHideFlags: 0
  m_CorrespondingSourceObject: {fileID: 0}
  m_PrefabInternal: {fileID: 0}
  serializedVersion: 6
  m_Component:
  - component: {fileID: 402302031}
  - component: {fileID: 402302032}
  m_Layer: 0
  m_Name: Root
  m_TagString: Untagged
  m_Icon: {fileID: 0}
  m_NavMeshLayer: 0
  m_StaticEditorFlags: 0
  m_IsActive: 1
--- !u!4 &402302031
Transform:
  m_ObjectHideFlags: 0
  m_CorrespondingSourceObject: {fileID: 0}
  m_PrefabInternal: {fileID: 0}
  m_GameObject: {fileID: 402302029}
  m_LocalRotation: {x: 0, y: 0, z: 0, w: 1}
  m_LocalPosition: {x: 0, y: 0, z: 0}
  m_LocalScale: {x: 1, y: 1, z: 1}
  m_Children:
  - {fileID: 1737063716}
  - {fileID: 607240783}
  m_Father: {fileID: 0}
  m_RootOrder: 0
  m_LocalEulerAnglesHint: {x: 0, y: 0, z: 0}
--- !u!114 &402302032
MonoBehaviour:
  m_ObjectHideFlags: 0
  m_CorrespondingSourceObject: {fileID: 0}
  m_PrefabInternal: {fileID: 0}
  m_GameObject: {fileID: 402302029}
  m_Enabled: 1
  m_EditorHideFlags: 0
  m_Script: {fileID: 11500000, guid: 5667b735e537e3f48a9306a55bb133bf, type: 3}
  m_Name: 
  m_EditorClassIdentifier: 
  _rootType: 0
--- !u!1 &491289970
GameObject:
  m_ObjectHideFlags: 0
  m_CorrespondingSourceObject: {fileID: 0}
  m_PrefabInternal: {fileID: 0}
  serializedVersion: 6
  m_Component:
  - component: {fileID: 491289971}
  - component: {fileID: 491289975}
  - component: {fileID: 491289974}
  - component: {fileID: 491289973}
  - component: {fileID: 491289972}
  m_Layer: 5
  m_Name: Arrow
  m_TagString: Untagged
  m_Icon: {fileID: 0}
  m_NavMeshLayer: 0
  m_StaticEditorFlags: 0
  m_IsActive: 1
--- !u!224 &491289971
RectTransform:
  m_ObjectHideFlags: 0
  m_CorrespondingSourceObject: {fileID: 0}
  m_PrefabInternal: {fileID: 0}
  m_GameObject: {fileID: 491289970}
  m_LocalRotation: {x: 0, y: 0, z: 1, w: 0}
  m_LocalPosition: {x: 0, y: 0, z: 0}
  m_LocalScale: {x: 1, y: 1, z: 1}
  m_Children: []
  m_Father: {fileID: 1123260606}
  m_RootOrder: 1
  m_LocalEulerAnglesHint: {x: 0, y: 0, z: 180}
  m_AnchorMin: {x: 0.5, y: 1}
  m_AnchorMax: {x: 0.5, y: 1}
  m_AnchoredPosition: {x: 0, y: -8}
  m_SizeDelta: {x: 92, y: 88}
  m_Pivot: {x: 0.5, y: 1}
--- !u!114 &491289972
MonoBehaviour:
  m_ObjectHideFlags: 0
  m_CorrespondingSourceObject: {fileID: 0}
  m_PrefabInternal: {fileID: 0}
  m_GameObject: {fileID: 491289970}
  m_Enabled: 1
  m_EditorHideFlags: 0
  m_Script: {fileID: 1679637790, guid: f70555f144d8491a825f0804e09c671c, type: 3}
  m_Name: 
  m_EditorClassIdentifier: 
  m_IgnoreLayout: 1
  m_MinWidth: -1
  m_MinHeight: -1
  m_PreferredWidth: -1
  m_PreferredHeight: -1
  m_FlexibleWidth: -1
  m_FlexibleHeight: -1
  m_LayoutPriority: 1
--- !u!114 &491289973
MonoBehaviour:
  m_ObjectHideFlags: 0
  m_CorrespondingSourceObject: {fileID: 0}
  m_PrefabInternal: {fileID: 0}
  m_GameObject: {fileID: 491289970}
  m_Enabled: 1
  m_EditorHideFlags: 0
  m_Script: {fileID: -1254083943, guid: f70555f144d8491a825f0804e09c671c, type: 3}
  m_Name: 
  m_EditorClassIdentifier: 
  m_AspectMode: 2
  m_AspectRatio: 1.0454545
--- !u!114 &491289974
MonoBehaviour:
  m_ObjectHideFlags: 0
  m_CorrespondingSourceObject: {fileID: 0}
  m_PrefabInternal: {fileID: 0}
  m_GameObject: {fileID: 491289970}
  m_Enabled: 1
  m_EditorHideFlags: 0
  m_Script: {fileID: -765806418, guid: f70555f144d8491a825f0804e09c671c, type: 3}
  m_Name: 
  m_EditorClassIdentifier: 
  m_Material: {fileID: 0}
  m_Color: {r: 1, g: 1, b: 1, a: 1}
  m_RaycastTarget: 1
  m_OnCullStateChanged:
    m_PersistentCalls:
      m_Calls: []
    m_TypeName: UnityEngine.UI.MaskableGraphic+CullStateChangedEvent, UnityEngine.UI,
      Version=1.0.0.0, Culture=neutral, PublicKeyToken=null
  m_Sprite: {fileID: 21300000, guid: d602884ca680ea14eb7c96dec83ea71d, type: 3}
  m_Type: 0
  m_PreserveAspect: 0
  m_FillCenter: 1
  m_FillMethod: 4
  m_FillAmount: 1
  m_FillClockwise: 1
  m_FillOrigin: 0
--- !u!222 &491289975
CanvasRenderer:
  m_ObjectHideFlags: 0
  m_CorrespondingSourceObject: {fileID: 0}
  m_PrefabInternal: {fileID: 0}
  m_GameObject: {fileID: 491289970}
  m_CullTransparentMesh: 0
--- !u!1001 &607240782
Prefab:
  m_ObjectHideFlags: 0
  serializedVersion: 2
  m_Modification:
    m_TransformParent: {fileID: 402302031}
    m_Modifications:
    - target: {fileID: 4669704540349312, guid: e341822066f8f274c90bc08f7f4bdb60, type: 2}
      propertyPath: m_LocalPosition.x
      value: 0
      objectReference: {fileID: 0}
    - target: {fileID: 4669704540349312, guid: e341822066f8f274c90bc08f7f4bdb60, type: 2}
      propertyPath: m_LocalPosition.y
      value: 0
      objectReference: {fileID: 0}
    - target: {fileID: 4669704540349312, guid: e341822066f8f274c90bc08f7f4bdb60, type: 2}
      propertyPath: m_LocalPosition.z
      value: 0
      objectReference: {fileID: 0}
    - target: {fileID: 4669704540349312, guid: e341822066f8f274c90bc08f7f4bdb60, type: 2}
      propertyPath: m_LocalRotation.x
      value: 0
      objectReference: {fileID: 0}
    - target: {fileID: 4669704540349312, guid: e341822066f8f274c90bc08f7f4bdb60, type: 2}
      propertyPath: m_LocalRotation.y
      value: 0
      objectReference: {fileID: 0}
    - target: {fileID: 4669704540349312, guid: e341822066f8f274c90bc08f7f4bdb60, type: 2}
      propertyPath: m_LocalRotation.z
      value: 0
      objectReference: {fileID: 0}
    - target: {fileID: 4669704540349312, guid: e341822066f8f274c90bc08f7f4bdb60, type: 2}
      propertyPath: m_LocalRotation.w
      value: 1
      objectReference: {fileID: 0}
    - target: {fileID: 4669704540349312, guid: e341822066f8f274c90bc08f7f4bdb60, type: 2}
      propertyPath: m_RootOrder
      value: 1
      objectReference: {fileID: 0}
    - target: {fileID: 114217489430338190, guid: e341822066f8f274c90bc08f7f4bdb60,
        type: 2}
      propertyPath: m_ReferenceResolution.x
      value: 1536
      objectReference: {fileID: 0}
    - target: {fileID: 114217489430338190, guid: e341822066f8f274c90bc08f7f4bdb60,
        type: 2}
      propertyPath: m_ReferenceResolution.y
      value: 2732
      objectReference: {fileID: 0}
    - target: {fileID: 114217489430338190, guid: e341822066f8f274c90bc08f7f4bdb60,
        type: 2}
      propertyPath: m_MatchWidthOrHeight
      value: 0
      objectReference: {fileID: 0}
    - target: {fileID: 223632818149774488, guid: e341822066f8f274c90bc08f7f4bdb60,
        type: 2}
      propertyPath: m_Camera
      value: 
      objectReference: {fileID: 0}
    m_RemovedComponents: []
  m_SourcePrefab: {fileID: 100100000, guid: e341822066f8f274c90bc08f7f4bdb60, type: 2}
  m_IsPrefabAsset: 0
--- !u!4 &607240783 stripped
Transform:
  m_CorrespondingSourceObject: {fileID: 4669704540349312, guid: e341822066f8f274c90bc08f7f4bdb60,
    type: 2}
  m_PrefabInternal: {fileID: 607240782}
--- !u!224 &607240784 stripped
RectTransform:
  m_CorrespondingSourceObject: {fileID: 224936479608217234, guid: e341822066f8f274c90bc08f7f4bdb60,
    type: 2}
  m_PrefabInternal: {fileID: 607240782}
--- !u!1 &646229646
GameObject:
  m_ObjectHideFlags: 0
  m_CorrespondingSourceObject: {fileID: 1286742693146412, guid: 80d5722f22a14d74bb1ffb7b4329b32d,
    type: 2}
  m_PrefabInternal: {fileID: 0}
  serializedVersion: 6
  m_Component:
  - component: {fileID: 646229647}
  - component: {fileID: 646229651}
  - component: {fileID: 646229650}
  - component: {fileID: 646229649}
  - component: {fileID: 646229648}
  m_Layer: 5
  m_Name: Animation
  m_TagString: Untagged
  m_Icon: {fileID: 0}
  m_NavMeshLayer: 0
  m_StaticEditorFlags: 0
  m_IsActive: 0
--- !u!224 &646229647
RectTransform:
  m_ObjectHideFlags: 0
  m_CorrespondingSourceObject: {fileID: 224247767005008492, guid: 80d5722f22a14d74bb1ffb7b4329b32d,
    type: 2}
  m_PrefabInternal: {fileID: 0}
  m_GameObject: {fileID: 646229646}
  m_LocalRotation: {x: 0, y: 0, z: 0, w: 1}
  m_LocalPosition: {x: 0, y: 0, z: 0}
  m_LocalScale: {x: 1, y: 1, z: 1}
  m_Children:
  - {fileID: 1193196734}
  - {fileID: 778241947}
  m_Father: {fileID: 827519796}
  m_RootOrder: 0
  m_LocalEulerAnglesHint: {x: 0, y: 0, z: 0}
  m_AnchorMin: {x: 0.25, y: 0.5}
  m_AnchorMax: {x: 0.75, y: 0.5}
  m_AnchoredPosition: {x: 0, y: 0}
  m_SizeDelta: {x: 0, y: 287}
  m_Pivot: {x: 0.5, y: 0.5}
--- !u!225 &646229648
CanvasGroup:
  m_ObjectHideFlags: 0
  m_CorrespondingSourceObject: {fileID: 225688588859577430, guid: 80d5722f22a14d74bb1ffb7b4329b32d,
    type: 2}
  m_PrefabInternal: {fileID: 0}
  m_GameObject: {fileID: 646229646}
  m_Enabled: 1
  m_Alpha: 1
  m_Interactable: 0
  m_BlocksRaycasts: 1
  m_IgnoreParentGroups: 0
--- !u!114 &646229649
MonoBehaviour:
  m_ObjectHideFlags: 0
  m_CorrespondingSourceObject: {fileID: 114959019939741996, guid: 80d5722f22a14d74bb1ffb7b4329b32d,
    type: 2}
  m_PrefabInternal: {fileID: 0}
  m_GameObject: {fileID: 646229646}
  m_Enabled: 1
  m_EditorHideFlags: 0
  m_Script: {fileID: 11500000, guid: a3197163864849b4e94d864824bf73be, type: 3}
  m_Name: 
  m_EditorClassIdentifier: 
  _animationClips:
    _serializedKeys: 000000000100000002000000
    _serializedValues:
    - {fileID: 7400000, guid: 25a93e084e16b044e8dc6838aba0f20d, type: 2}
    - {fileID: 7400000, guid: c89348ea2c557714f9711251682bf3e0, type: 2}
    - {fileID: 0}
--- !u!111 &646229650
Animation:
  m_ObjectHideFlags: 0
  m_CorrespondingSourceObject: {fileID: 111325327192471546, guid: 80d5722f22a14d74bb1ffb7b4329b32d,
    type: 2}
  m_PrefabInternal: {fileID: 0}
  m_GameObject: {fileID: 646229646}
  m_Enabled: 1
  serializedVersion: 3
  m_Animation: {fileID: 0}
  m_Animations:
  - {fileID: 7400000, guid: 25a93e084e16b044e8dc6838aba0f20d, type: 2}
  - {fileID: 7400000, guid: c89348ea2c557714f9711251682bf3e0, type: 2}
  m_WrapMode: 0
  m_PlayAutomatically: 0
  m_AnimatePhysics: 0
  m_CullingType: 0
--- !u!114 &646229651
MonoBehaviour:
  m_ObjectHideFlags: 0
  m_CorrespondingSourceObject: {fileID: 114178493171492212, guid: 80d5722f22a14d74bb1ffb7b4329b32d,
    type: 2}
  m_PrefabInternal: {fileID: 0}
  m_GameObject: {fileID: 646229646}
  m_Enabled: 1
  m_EditorHideFlags: 0
  m_Script: {fileID: 11500000, guid: 25396d22c2d97a64d918bb01f7dc34a7, type: 3}
  m_Name: 
  m_EditorClassIdentifier: 
  _switchContent: 0
  _switchableObjects:
    _serializedKeys: 0000000001000000
    _serializedValues:
    - {fileID: 778241946}
    - {fileID: 1193196733}
  _orientation: 0
--- !u!1 &770018689
GameObject:
  m_ObjectHideFlags: 0
  m_CorrespondingSourceObject: {fileID: 0}
  m_PrefabInternal: {fileID: 0}
  serializedVersion: 6
  m_Component:
  - component: {fileID: 770018690}
  - component: {fileID: 770018694}
  - component: {fileID: 770018693}
  - component: {fileID: 770018692}
  - component: {fileID: 770018691}
  m_Layer: 5
  m_Name: Arrow
  m_TagString: Untagged
  m_Icon: {fileID: 0}
  m_NavMeshLayer: 0
  m_StaticEditorFlags: 0
  m_IsActive: 1
--- !u!224 &770018690
RectTransform:
  m_ObjectHideFlags: 0
  m_CorrespondingSourceObject: {fileID: 0}
  m_PrefabInternal: {fileID: 0}
  m_GameObject: {fileID: 770018689}
  m_LocalRotation: {x: 0, y: 0, z: -0.7071068, w: 0.7071068}
  m_LocalPosition: {x: 0, y: 0, z: 0}
  m_LocalScale: {x: 1, y: 1, z: 1}
  m_Children: []
  m_Father: {fileID: 1164204253}
  m_RootOrder: 1
  m_LocalEulerAnglesHint: {x: 0, y: 0, z: -90}
  m_AnchorMin: {x: 0, y: 0.5}
  m_AnchorMax: {x: 0, y: 0.5}
  m_AnchoredPosition: {x: 10, y: 0}
  m_SizeDelta: {x: 92, y: 88}
  m_Pivot: {x: 0.5, y: 1}
--- !u!114 &770018691
MonoBehaviour:
  m_ObjectHideFlags: 0
  m_CorrespondingSourceObject: {fileID: 0}
  m_PrefabInternal: {fileID: 0}
  m_GameObject: {fileID: 770018689}
  m_Enabled: 1
  m_EditorHideFlags: 0
  m_Script: {fileID: 1679637790, guid: f70555f144d8491a825f0804e09c671c, type: 3}
  m_Name: 
  m_EditorClassIdentifier: 
  m_IgnoreLayout: 1
  m_MinWidth: -1
  m_MinHeight: -1
  m_PreferredWidth: -1
  m_PreferredHeight: -1
  m_FlexibleWidth: -1
  m_FlexibleHeight: -1
  m_LayoutPriority: 1
--- !u!114 &770018692
MonoBehaviour:
  m_ObjectHideFlags: 0
  m_CorrespondingSourceObject: {fileID: 0}
  m_PrefabInternal: {fileID: 0}
  m_GameObject: {fileID: 770018689}
  m_Enabled: 1
  m_EditorHideFlags: 0
  m_Script: {fileID: -1254083943, guid: f70555f144d8491a825f0804e09c671c, type: 3}
  m_Name: 
  m_EditorClassIdentifier: 
  m_AspectMode: 2
  m_AspectRatio: 1.0454545
--- !u!114 &770018693
MonoBehaviour:
  m_ObjectHideFlags: 0
  m_CorrespondingSourceObject: {fileID: 0}
  m_PrefabInternal: {fileID: 0}
  m_GameObject: {fileID: 770018689}
  m_Enabled: 1
  m_EditorHideFlags: 0
  m_Script: {fileID: -765806418, guid: f70555f144d8491a825f0804e09c671c, type: 3}
  m_Name: 
  m_EditorClassIdentifier: 
  m_Material: {fileID: 0}
  m_Color: {r: 1, g: 1, b: 1, a: 1}
  m_RaycastTarget: 1
  m_OnCullStateChanged:
    m_PersistentCalls:
      m_Calls: []
    m_TypeName: UnityEngine.UI.MaskableGraphic+CullStateChangedEvent, UnityEngine.UI,
      Version=1.0.0.0, Culture=neutral, PublicKeyToken=null
  m_Sprite: {fileID: 21300000, guid: d602884ca680ea14eb7c96dec83ea71d, type: 3}
  m_Type: 0
  m_PreserveAspect: 0
  m_FillCenter: 1
  m_FillMethod: 4
  m_FillAmount: 1
  m_FillClockwise: 1
  m_FillOrigin: 0
--- !u!222 &770018694
CanvasRenderer:
  m_ObjectHideFlags: 0
  m_CorrespondingSourceObject: {fileID: 0}
  m_PrefabInternal: {fileID: 0}
  m_GameObject: {fileID: 770018689}
  m_CullTransparentMesh: 0
--- !u!1 &778241946
GameObject:
  m_ObjectHideFlags: 0
  m_CorrespondingSourceObject: {fileID: 1714037318951844, guid: 80d5722f22a14d74bb1ffb7b4329b32d,
    type: 2}
  m_PrefabInternal: {fileID: 0}
  serializedVersion: 6
  m_Component:
  - component: {fileID: 778241947}
  m_Layer: 5
  m_Name: Hint_p
  m_TagString: Untagged
  m_Icon: {fileID: 0}
  m_NavMeshLayer: 0
  m_StaticEditorFlags: 0
  m_IsActive: 1
--- !u!224 &778241947
RectTransform:
  m_ObjectHideFlags: 0
  m_CorrespondingSourceObject: {fileID: 224759926836950708, guid: 80d5722f22a14d74bb1ffb7b4329b32d,
    type: 2}
  m_PrefabInternal: {fileID: 0}
  m_GameObject: {fileID: 778241946}
  m_LocalRotation: {x: -0, y: -0, z: -0, w: 1}
  m_LocalPosition: {x: 0, y: 0, z: 0}
  m_LocalScale: {x: 1, y: 1, z: 1}
  m_Children:
  - {fileID: 1123260606}
  m_Father: {fileID: 646229647}
  m_RootOrder: 1
  m_LocalEulerAnglesHint: {x: 0, y: 0, z: 0}
  m_AnchorMin: {x: 0, y: 1}
  m_AnchorMax: {x: 1, y: 0.5}
  m_AnchoredPosition: {x: -0.00024414062, y: 491}
  m_SizeDelta: {x: 237, y: 600}
  m_Pivot: {x: 0.5, y: 0.5}
--- !u!1 &827519795
GameObject:
  m_ObjectHideFlags: 0
  m_CorrespondingSourceObject: {fileID: 1154539623392846, guid: 80d5722f22a14d74bb1ffb7b4329b32d,
    type: 2}
  m_PrefabInternal: {fileID: 0}
  serializedVersion: 6
  m_Component:
  - component: {fileID: 827519796}
  - component: {fileID: 827519799}
  - component: {fileID: 827519798}
  - component: {fileID: 827519797}
  m_Layer: 5
  m_Name: HintChipBox
  m_TagString: Untagged
  m_Icon: {fileID: 0}
  m_NavMeshLayer: 0
  m_StaticEditorFlags: 0
  m_IsActive: 1
--- !u!224 &827519796
RectTransform:
  m_ObjectHideFlags: 0
  m_CorrespondingSourceObject: {fileID: 224059594851011488, guid: 80d5722f22a14d74bb1ffb7b4329b32d,
    type: 2}
  m_PrefabInternal: {fileID: 0}
  m_GameObject: {fileID: 827519795}
  m_LocalRotation: {x: -0, y: -0, z: -0, w: 1}
  m_LocalPosition: {x: 0, y: 0, z: 0}
  m_LocalScale: {x: 1, y: 1, z: 1}
  m_Children:
  - {fileID: 646229647}
  m_Father: {fileID: 607240784}
  m_RootOrder: 0
  m_LocalEulerAnglesHint: {x: 0, y: 0, z: 0}
  m_AnchorMin: {x: 0, y: 0.5}
  m_AnchorMax: {x: 1, y: 0.5}
  m_AnchoredPosition: {x: 0, y: 0}
  m_SizeDelta: {x: 0, y: 574}
  m_Pivot: {x: 0.5, y: 0.5}
--- !u!114 &827519797
MonoBehaviour:
  m_ObjectHideFlags: 0
  m_CorrespondingSourceObject: {fileID: 114773575355493720, guid: 80d5722f22a14d74bb1ffb7b4329b32d,
    type: 2}
  m_PrefabInternal: {fileID: 0}
  m_GameObject: {fileID: 827519795}
  m_Enabled: 1
  m_EditorHideFlags: 0
  m_Script: {fileID: 1301386320, guid: f70555f144d8491a825f0804e09c671c, type: 3}
  m_Name: 
  m_EditorClassIdentifier: 
  m_IgnoreReversedGraphics: 1
  m_BlockingObjects: 0
  m_BlockingMask:
    serializedVersion: 2
    m_Bits: 4294967295
--- !u!223 &827519798
Canvas:
  m_ObjectHideFlags: 0
  m_CorrespondingSourceObject: {fileID: 223320099768047032, guid: 80d5722f22a14d74bb1ffb7b4329b32d,
    type: 2}
  m_PrefabInternal: {fileID: 0}
  m_GameObject: {fileID: 827519795}
  m_Enabled: 1
  serializedVersion: 3
  m_RenderMode: 0
  m_Camera: {fileID: 0}
  m_PlaneDistance: 100
  m_PixelPerfect: 0
  m_ReceivesEvents: 1
  m_OverrideSorting: 1
  m_OverridePixelPerfect: 0
  m_SortingBucketNormalizedSize: 0
  m_AdditionalShaderChannelsFlag: 0
  m_SortingLayerID: -220618349
  m_SortingOrder: 0
  m_TargetDisplay: 0
--- !u!114 &827519799
MonoBehaviour:
  m_ObjectHideFlags: 0
  m_CorrespondingSourceObject: {fileID: 114741187042557820, guid: 80d5722f22a14d74bb1ffb7b4329b32d,
    type: 2}
  m_PrefabInternal: {fileID: 0}
  m_GameObject: {fileID: 827519795}
  m_Enabled: 1
  m_EditorHideFlags: 0
  m_Script: {fileID: 11500000, guid: ade6687af56543fd8af616ff1284c7b2, type: 3}
  m_Name: 
  m_EditorClassIdentifier: 
  _animation: {fileID: 646229649}
--- !u!1001 &1011623383
Prefab:
  m_ObjectHideFlags: 0
  serializedVersion: 2
  m_Modification:
    m_TransformParent: {fileID: 1123260606}
    m_Modifications:
    - target: {fileID: 224734203228657790, guid: 166f064a3573d944eb9f1b7a0d1ecbbd,
        type: 2}
      propertyPath: m_LocalPosition.x
      value: 0
      objectReference: {fileID: 0}
    - target: {fileID: 224734203228657790, guid: 166f064a3573d944eb9f1b7a0d1ecbbd,
        type: 2}
      propertyPath: m_LocalPosition.y
      value: 0
      objectReference: {fileID: 0}
    - target: {fileID: 224734203228657790, guid: 166f064a3573d944eb9f1b7a0d1ecbbd,
        type: 2}
      propertyPath: m_LocalPosition.z
      value: 0
      objectReference: {fileID: 0}
    - target: {fileID: 224734203228657790, guid: 166f064a3573d944eb9f1b7a0d1ecbbd,
        type: 2}
      propertyPath: m_LocalRotation.x
      value: -0
      objectReference: {fileID: 0}
    - target: {fileID: 224734203228657790, guid: 166f064a3573d944eb9f1b7a0d1ecbbd,
        type: 2}
      propertyPath: m_LocalRotation.y
      value: -0
      objectReference: {fileID: 0}
    - target: {fileID: 224734203228657790, guid: 166f064a3573d944eb9f1b7a0d1ecbbd,
        type: 2}
      propertyPath: m_LocalRotation.z
      value: -0
      objectReference: {fileID: 0}
    - target: {fileID: 224734203228657790, guid: 166f064a3573d944eb9f1b7a0d1ecbbd,
        type: 2}
      propertyPath: m_LocalRotation.w
      value: 1
      objectReference: {fileID: 0}
    - target: {fileID: 224734203228657790, guid: 166f064a3573d944eb9f1b7a0d1ecbbd,
        type: 2}
      propertyPath: m_RootOrder
      value: 3
      objectReference: {fileID: 0}
    - target: {fileID: 224734203228657790, guid: 166f064a3573d944eb9f1b7a0d1ecbbd,
        type: 2}
      propertyPath: m_AnchoredPosition.x
      value: -77
      objectReference: {fileID: 0}
    - target: {fileID: 224734203228657790, guid: 166f064a3573d944eb9f1b7a0d1ecbbd,
        type: 2}
      propertyPath: m_AnchoredPosition.y
      value: 39
      objectReference: {fileID: 0}
    - target: {fileID: 224734203228657790, guid: 166f064a3573d944eb9f1b7a0d1ecbbd,
        type: 2}
      propertyPath: m_SizeDelta.x
      value: 0
      objectReference: {fileID: 0}
    - target: {fileID: 224734203228657790, guid: 166f064a3573d944eb9f1b7a0d1ecbbd,
        type: 2}
      propertyPath: m_SizeDelta.y
      value: 0
      objectReference: {fileID: 0}
    - target: {fileID: 224734203228657790, guid: 166f064a3573d944eb9f1b7a0d1ecbbd,
        type: 2}
      propertyPath: m_AnchorMin.x
      value: 1
      objectReference: {fileID: 0}
    - target: {fileID: 224734203228657790, guid: 166f064a3573d944eb9f1b7a0d1ecbbd,
        type: 2}
      propertyPath: m_AnchorMin.y
      value: 0
      objectReference: {fileID: 0}
    - target: {fileID: 224734203228657790, guid: 166f064a3573d944eb9f1b7a0d1ecbbd,
        type: 2}
      propertyPath: m_AnchorMax.x
      value: 1
      objectReference: {fileID: 0}
    - target: {fileID: 224734203228657790, guid: 166f064a3573d944eb9f1b7a0d1ecbbd,
        type: 2}
      propertyPath: m_AnchorMax.y
      value: 0
      objectReference: {fileID: 0}
    - target: {fileID: 224734203228657790, guid: 166f064a3573d944eb9f1b7a0d1ecbbd,
        type: 2}
      propertyPath: m_Pivot.x
      value: 1
      objectReference: {fileID: 0}
    - target: {fileID: 224734203228657790, guid: 166f064a3573d944eb9f1b7a0d1ecbbd,
        type: 2}
      propertyPath: m_Pivot.y
      value: 0
      objectReference: {fileID: 0}
    m_RemovedComponents: []
  m_SourcePrefab: {fileID: 100100000, guid: 166f064a3573d944eb9f1b7a0d1ecbbd, type: 2}
  m_IsPrefabAsset: 0
--- !u!224 &1011623384 stripped
RectTransform:
  m_CorrespondingSourceObject: {fileID: 224734203228657790, guid: 166f064a3573d944eb9f1b7a0d1ecbbd,
    type: 2}
  m_PrefabInternal: {fileID: 1011623383}
--- !u!1 &1123260605
GameObject:
  m_ObjectHideFlags: 0
  m_CorrespondingSourceObject: {fileID: 1987102071572852, guid: 80d5722f22a14d74bb1ffb7b4329b32d,
    type: 2}
  m_PrefabInternal: {fileID: 0}
  serializedVersion: 6
  m_Component:
  - component: {fileID: 1123260606}
  - component: {fileID: 1123260610}
  - component: {fileID: 1123260609}
  - component: {fileID: 1123260608}
  - component: {fileID: 1123260607}
  m_Layer: 5
  m_Name: Bubble_p
  m_TagString: Untagged
  m_Icon: {fileID: 0}
  m_NavMeshLayer: 0
  m_StaticEditorFlags: 0
  m_IsActive: 1
--- !u!224 &1123260606
RectTransform:
  m_ObjectHideFlags: 0
  m_CorrespondingSourceObject: {fileID: 224105535416006808, guid: 80d5722f22a14d74bb1ffb7b4329b32d,
    type: 2}
  m_PrefabInternal: {fileID: 0}
  m_GameObject: {fileID: 1123260605}
  m_LocalRotation: {x: -0, y: -0, z: -0, w: 1}
  m_LocalPosition: {x: 0, y: 0, z: 0}
  m_LocalScale: {x: 1, y: 1, z: 1}
  m_Children:
  - {fileID: 116095411}
  - {fileID: 491289971}
  - {fileID: 1260714771}
  - {fileID: 1011623384}
  m_Father: {fileID: 778241947}
  m_RootOrder: 0
  m_LocalEulerAnglesHint: {x: 0, y: 0, z: 0}
  m_AnchorMin: {x: 0, y: 0}
  m_AnchorMax: {x: 1, y: 0}
  m_AnchoredPosition: {x: 0, y: 0}
  m_SizeDelta: {x: 0, y: 274.5}
  m_Pivot: {x: 0.5, y: 1}
--- !u!114 &1123260607
MonoBehaviour:
  m_ObjectHideFlags: 0
  m_CorrespondingSourceObject: {fileID: 0}
  m_PrefabInternal: {fileID: 0}
  m_GameObject: {fileID: 1123260605}
  m_Enabled: 1
  m_EditorHideFlags: 0
  m_Script: {fileID: 1741964061, guid: f70555f144d8491a825f0804e09c671c, type: 3}
  m_Name: 
  m_EditorClassIdentifier: 
  m_HorizontalFit: 0
  m_VerticalFit: 2
--- !u!114 &1123260608
MonoBehaviour:
  m_ObjectHideFlags: 0
  m_CorrespondingSourceObject: {fileID: 0}
  m_PrefabInternal: {fileID: 0}
  m_GameObject: {fileID: 1123260605}
  m_Enabled: 1
  m_EditorHideFlags: 0
  m_Script: {fileID: 1297475563, guid: f70555f144d8491a825f0804e09c671c, type: 3}
  m_Name: 
  m_EditorClassIdentifier: 
  m_Padding:
    m_Left: 30
    m_Right: 30
    m_Top: 30
    m_Bottom: 30
  m_ChildAlignment: 4
  m_Spacing: 0
  m_ChildForceExpandWidth: 1
  m_ChildForceExpandHeight: 1
  m_ChildControlWidth: 1
  m_ChildControlHeight: 1
--- !u!114 &1123260609
MonoBehaviour:
  m_ObjectHideFlags: 0
  m_CorrespondingSourceObject: {fileID: 114297895035544776, guid: 80d5722f22a14d74bb1ffb7b4329b32d,
    type: 2}
  m_PrefabInternal: {fileID: 0}
  m_GameObject: {fileID: 1123260605}
  m_Enabled: 1
  m_EditorHideFlags: 0
  m_Script: {fileID: -765806418, guid: f70555f144d8491a825f0804e09c671c, type: 3}
  m_Name: 
  m_EditorClassIdentifier: 
  m_Material: {fileID: 0}
  m_Color: {r: 1, g: 1, b: 1, a: 1}
  m_RaycastTarget: 1
  m_OnCullStateChanged:
    m_PersistentCalls:
      m_Calls: []
    m_TypeName: UnityEngine.UI.MaskableGraphic+CullStateChangedEvent, UnityEngine.UI,
      Version=1.0.0.0, Culture=neutral, PublicKeyToken=null
  m_Sprite: {fileID: 21300000, guid: 632736d20df3b7a46bf5dd861be62512, type: 3}
  m_Type: 1
  m_PreserveAspect: 0
  m_FillCenter: 1
  m_FillMethod: 4
  m_FillAmount: 1
  m_FillClockwise: 1
  m_FillOrigin: 0
--- !u!222 &1123260610
CanvasRenderer:
  m_ObjectHideFlags: 0
  m_CorrespondingSourceObject: {fileID: 222584470085592098, guid: 80d5722f22a14d74bb1ffb7b4329b32d,
    type: 2}
  m_PrefabInternal: {fileID: 0}
  m_GameObject: {fileID: 1123260605}
  m_CullTransparentMesh: 0
--- !u!1 &1164204252
GameObject:
  m_ObjectHideFlags: 0
  m_CorrespondingSourceObject: {fileID: 1987102071572852, guid: 80d5722f22a14d74bb1ffb7b4329b32d,
    type: 2}
  m_PrefabInternal: {fileID: 0}
  serializedVersion: 6
  m_Component:
  - component: {fileID: 1164204253}
  - component: {fileID: 1164204257}
  - component: {fileID: 1164204256}
  - component: {fileID: 1164204255}
  - component: {fileID: 1164204254}
  m_Layer: 5
  m_Name: Bubble_l
  m_TagString: Untagged
  m_Icon: {fileID: 0}
  m_NavMeshLayer: 0
  m_StaticEditorFlags: 0
  m_IsActive: 1
--- !u!224 &1164204253
RectTransform:
  m_ObjectHideFlags: 0
  m_CorrespondingSourceObject: {fileID: 224105535416006808, guid: 80d5722f22a14d74bb1ffb7b4329b32d,
    type: 2}
  m_PrefabInternal: {fileID: 0}
  m_GameObject: {fileID: 1164204252}
  m_LocalRotation: {x: -0, y: -0, z: -0, w: 1}
  m_LocalPosition: {x: 0, y: 0, z: 0}
  m_LocalScale: {x: 1, y: 1, z: 1}
  m_Children:
  - {fileID: 1930284785}
  - {fileID: 770018690}
  - {fileID: 1889422538}
  - {fileID: 343738184}
  m_Father: {fileID: 1193196734}
  m_RootOrder: 0
  m_LocalEulerAnglesHint: {x: 0, y: 0, z: 0}
  m_AnchorMin: {x: 0, y: 0}
  m_AnchorMax: {x: 1, y: 0}
  m_AnchoredPosition: {x: 287.94995, y: -12.9999695}
  m_SizeDelta: {x: -338.8999, y: 360}
  m_Pivot: {x: 0.5, y: 0}
--- !u!114 &1164204254
MonoBehaviour:
  m_ObjectHideFlags: 0
  m_CorrespondingSourceObject: {fileID: 0}
  m_PrefabInternal: {fileID: 0}
  m_GameObject: {fileID: 1164204252}
  m_Enabled: 1
  m_EditorHideFlags: 0
  m_Script: {fileID: 1741964061, guid: f70555f144d8491a825f0804e09c671c, type: 3}
  m_Name: 
  m_EditorClassIdentifier: 
  m_HorizontalFit: 0
  m_VerticalFit: 2
--- !u!114 &1164204255
MonoBehaviour:
  m_ObjectHideFlags: 0
  m_CorrespondingSourceObject: {fileID: 0}
  m_PrefabInternal: {fileID: 0}
  m_GameObject: {fileID: 1164204252}
  m_Enabled: 1
  m_EditorHideFlags: 0
  m_Script: {fileID: 1297475563, guid: f70555f144d8491a825f0804e09c671c, type: 3}
  m_Name: 
  m_EditorClassIdentifier: 
  m_Padding:
    m_Left: 30
    m_Right: 30
    m_Top: 30
    m_Bottom: 30
  m_ChildAlignment: 4
  m_Spacing: 0
  m_ChildForceExpandWidth: 1
  m_ChildForceExpandHeight: 1
  m_ChildControlWidth: 1
  m_ChildControlHeight: 1
--- !u!114 &1164204256
MonoBehaviour:
  m_ObjectHideFlags: 0
  m_CorrespondingSourceObject: {fileID: 114297895035544776, guid: 80d5722f22a14d74bb1ffb7b4329b32d,
    type: 2}
  m_PrefabInternal: {fileID: 0}
  m_GameObject: {fileID: 1164204252}
  m_Enabled: 1
  m_EditorHideFlags: 0
  m_Script: {fileID: -765806418, guid: f70555f144d8491a825f0804e09c671c, type: 3}
  m_Name: 
  m_EditorClassIdentifier: 
  m_Material: {fileID: 0}
  m_Color: {r: 1, g: 1, b: 1, a: 1}
  m_RaycastTarget: 1
  m_OnCullStateChanged:
    m_PersistentCalls:
      m_Calls: []
    m_TypeName: UnityEngine.UI.MaskableGraphic+CullStateChangedEvent, UnityEngine.UI,
      Version=1.0.0.0, Culture=neutral, PublicKeyToken=null
  m_Sprite: {fileID: 21300000, guid: 632736d20df3b7a46bf5dd861be62512, type: 3}
  m_Type: 1
  m_PreserveAspect: 0
  m_FillCenter: 1
  m_FillMethod: 4
  m_FillAmount: 1
  m_FillClockwise: 1
  m_FillOrigin: 0
--- !u!222 &1164204257
CanvasRenderer:
  m_ObjectHideFlags: 0
  m_CorrespondingSourceObject: {fileID: 222584470085592098, guid: 80d5722f22a14d74bb1ffb7b4329b32d,
    type: 2}
  m_PrefabInternal: {fileID: 0}
  m_GameObject: {fileID: 1164204252}
  m_CullTransparentMesh: 0
--- !u!1 &1193196733
GameObject:
  m_ObjectHideFlags: 0
  m_CorrespondingSourceObject: {fileID: 1721471045317998, guid: 80d5722f22a14d74bb1ffb7b4329b32d,
    type: 2}
  m_PrefabInternal: {fileID: 0}
  serializedVersion: 6
  m_Component:
  - component: {fileID: 1193196734}
  m_Layer: 5
  m_Name: Hint_l
  m_TagString: Untagged
  m_Icon: {fileID: 0}
  m_NavMeshLayer: 0
  m_StaticEditorFlags: 0
  m_IsActive: 0
--- !u!224 &1193196734
RectTransform:
  m_ObjectHideFlags: 0
  m_CorrespondingSourceObject: {fileID: 224632702660699926, guid: 80d5722f22a14d74bb1ffb7b4329b32d,
    type: 2}
  m_PrefabInternal: {fileID: 0}
  m_GameObject: {fileID: 1193196733}
  m_LocalRotation: {x: -0, y: -0, z: -0, w: 1}
  m_LocalPosition: {x: 0, y: 0, z: 0}
  m_LocalScale: {x: 1, y: 1, z: 1}
  m_Children:
  - {fileID: 1164204253}
  m_Father: {fileID: 646229647}
  m_RootOrder: 0
  m_LocalEulerAnglesHint: {x: 0, y: 0, z: 0}
  m_AnchorMin: {x: 0, y: 0}
  m_AnchorMax: {x: 1, y: 1}
  m_AnchoredPosition: {x: -0.00024414062, y: 0.00015258789}
  m_SizeDelta: {x: 0, y: 0}
  m_Pivot: {x: 0.5, y: 0.5}
--- !u!1 &1260714770
GameObject:
  m_ObjectHideFlags: 0
  m_CorrespondingSourceObject: {fileID: 1329193293317510, guid: 80d5722f22a14d74bb1ffb7b4329b32d,
    type: 2}
  m_PrefabInternal: {fileID: 0}
  serializedVersion: 6
  m_Component:
  - component: {fileID: 1260714771}
  - component: {fileID: 1260714775}
  - component: {fileID: 1260714774}
  - component: {fileID: 1260714773}
  - component: {fileID: 1260714772}
  m_Layer: 5
  m_Name: Portrait
  m_TagString: Untagged
  m_Icon: {fileID: 0}
  m_NavMeshLayer: 0
  m_StaticEditorFlags: 0
  m_IsActive: 1
--- !u!224 &1260714771
RectTransform:
  m_ObjectHideFlags: 0
  m_CorrespondingSourceObject: {fileID: 224183871560327404, guid: 80d5722f22a14d74bb1ffb7b4329b32d,
    type: 2}
  m_PrefabInternal: {fileID: 0}
  m_GameObject: {fileID: 1260714770}
  m_LocalRotation: {x: -0, y: -0, z: -0, w: 1}
  m_LocalPosition: {x: 0, y: 0, z: 0}
  m_LocalScale: {x: 1, y: 1, z: 1}
  m_Children: []
  m_Father: {fileID: 1123260606}
  m_RootOrder: 2
  m_LocalEulerAnglesHint: {x: 0, y: 0, z: 0}
  m_AnchorMin: {x: 0.5, y: 1}
  m_AnchorMax: {x: 0.5, y: 1}
  m_AnchoredPosition: {x: 0, y: 100.16}
  m_SizeDelta: {x: 473.0686, y: 609}
  m_Pivot: {x: 0.5, y: 0}
--- !u!114 &1260714772
MonoBehaviour:
  m_ObjectHideFlags: 0
  m_CorrespondingSourceObject: {fileID: 0}
  m_PrefabInternal: {fileID: 0}
  m_GameObject: {fileID: 1260714770}
  m_Enabled: 1
  m_EditorHideFlags: 0
  m_Script: {fileID: 1679637790, guid: f70555f144d8491a825f0804e09c671c, type: 3}
  m_Name: 
  m_EditorClassIdentifier: 
  m_IgnoreLayout: 1
  m_MinWidth: -1
  m_MinHeight: -1
  m_PreferredWidth: -1
  m_PreferredHeight: -1
  m_FlexibleWidth: -1
  m_FlexibleHeight: -1
  m_LayoutPriority: 1
--- !u!114 &1260714773
MonoBehaviour:
  m_ObjectHideFlags: 0
  m_CorrespondingSourceObject: {fileID: 0}
  m_PrefabInternal: {fileID: 0}
  m_GameObject: {fileID: 1260714770}
  m_Enabled: 1
  m_EditorHideFlags: 0
  m_Script: {fileID: -1254083943, guid: f70555f144d8491a825f0804e09c671c, type: 3}
  m_Name: 
  m_EditorClassIdentifier: 
  m_AspectMode: 2
  m_AspectRatio: 0.77679574
--- !u!114 &1260714774
MonoBehaviour:
  m_ObjectHideFlags: 0
  m_CorrespondingSourceObject: {fileID: 114859759946108462, guid: 80d5722f22a14d74bb1ffb7b4329b32d,
    type: 2}
  m_PrefabInternal: {fileID: 0}
  m_GameObject: {fileID: 1260714770}
  m_Enabled: 1
  m_EditorHideFlags: 0
  m_Script: {fileID: -765806418, guid: f70555f144d8491a825f0804e09c671c, type: 3}
  m_Name: 
  m_EditorClassIdentifier: 
  m_Material: {fileID: 0}
  m_Color: {r: 1, g: 1, b: 1, a: 1}
  m_RaycastTarget: 1
  m_OnCullStateChanged:
    m_PersistentCalls:
      m_Calls: []
    m_TypeName: UnityEngine.UI.MaskableGraphic+CullStateChangedEvent, UnityEngine.UI,
      Version=1.0.0.0, Culture=neutral, PublicKeyToken=null
  m_Sprite: {fileID: 21300000, guid: 2e7a9dd2dfc90994c98fea48cb7c03d8, type: 3}
  m_Type: 0
  m_PreserveAspect: 0
  m_FillCenter: 1
  m_FillMethod: 4
  m_FillAmount: 1
  m_FillClockwise: 1
  m_FillOrigin: 0
--- !u!222 &1260714775
CanvasRenderer:
  m_ObjectHideFlags: 0
  m_CorrespondingSourceObject: {fileID: 222931140661985514, guid: 80d5722f22a14d74bb1ffb7b4329b32d,
    type: 2}
  m_PrefabInternal: {fileID: 0}
  m_GameObject: {fileID: 1260714770}
  m_CullTransparentMesh: 0
--- !u!1 &1737063710
GameObject:
  m_ObjectHideFlags: 0
  m_CorrespondingSourceObject: {fileID: 1636257915499964, guid: 6f1376a45248d4f83b028fe3fb073ed6,
    type: 2}
  m_PrefabInternal: {fileID: 0}
  serializedVersion: 6
  m_Component:
  - component: {fileID: 1737063716}
  - component: {fileID: 1737063715}
  - component: {fileID: 1737063713}
  - component: {fileID: 1737063711}
  - component: {fileID: 1737063712}
  m_Layer: 0
  m_Name: Cutscene
  m_TagString: Untagged
  m_Icon: {fileID: 0}
  m_NavMeshLayer: 0
  m_StaticEditorFlags: 0
  m_IsActive: 1
--- !u!114 &1737063711
MonoBehaviour:
  m_ObjectHideFlags: 0
  m_CorrespondingSourceObject: {fileID: 0}
  m_PrefabInternal: {fileID: 0}
  m_GameObject: {fileID: 1737063710}
  m_Enabled: 1
  m_EditorHideFlags: 0
  m_Script: {fileID: 11500000, guid: 2aa6433bf8ebd9b42887172d4a5bbb4f, type: 3}
  m_Name: 
  m_EditorClassIdentifier: 
  _hideAllPopupsBeforePlay: 1
--- !u!114 &1737063712
MonoBehaviour:
  m_ObjectHideFlags: 0
  m_CorrespondingSourceObject: {fileID: 0}
  m_PrefabInternal: {fileID: 0}
  m_GameObject: {fileID: 1737063710}
  m_Enabled: 1
  m_EditorHideFlags: 0
  m_Script: {fileID: 11500000, guid: c8f2157db675480085c773dc6817aa22, type: 3}
  m_Name: 
  m_EditorClassIdentifier: 
  _targetFps: 60
  _maxEvaluatesPerFrame: 3
--- !u!114 &1737063713
MonoBehaviour:
  m_ObjectHideFlags: 0
  m_CorrespondingSourceObject: {fileID: 114465871434896270, guid: 6f1376a45248d4f83b028fe3fb073ed6,
    type: 2}
  m_PrefabInternal: {fileID: 0}
  m_GameObject: {fileID: 1737063710}
  m_Enabled: 1
  m_EditorHideFlags: 0
  m_Script: {fileID: 11500000, guid: 605114edfcb0b36408bc9fa8ab1cae0f, type: 3}
  m_Name: 
  m_EditorClassIdentifier: 
--- !u!320 &1737063715
PlayableDirector:
  m_ObjectHideFlags: 0
  m_CorrespondingSourceObject: {fileID: 320559466752199986, guid: 6f1376a45248d4f83b028fe3fb073ed6,
    type: 2}
  m_PrefabInternal: {fileID: 0}
  m_GameObject: {fileID: 1737063710}
  m_Enabled: 1
  serializedVersion: 3
  m_PlayableAsset: {fileID: 11400000, guid: 2996c6136cb394524b840424fe4b8423, type: 2}
  m_InitialState: 0
  m_WrapMode: 2
  m_DirectorUpdateMode: 1
  m_InitialTime: 0
  m_SceneBindings:
  - key: {fileID: 0}
    value: {fileID: 1737063710}
  - key: {fileID: 0}
    value: {fileID: 0}
  - key: {fileID: 0}
    value: {fileID: 0}
  - key: {fileID: 0}
    value: {fileID: 0}
  - key: {fileID: 0}
    value: {fileID: 0}
  - key: {fileID: 0}
    value: {fileID: 0}
  - key: {fileID: 0}
    value: {fileID: 0}
  - key: {fileID: 0}
    value: {fileID: 0}
  - key: {fileID: 114679894318942112, guid: fba10746587c2464eb204857c1f0ab5c, type: 2}
    value: {fileID: 0}
  - key: {fileID: 0}
    value: {fileID: 0}
  - key: {fileID: 0}
    value: {fileID: 0}
  - key: {fileID: 0}
    value: {fileID: 0}
  - key: {fileID: 0}
    value: {fileID: 0}
  - key: {fileID: 0}
    value: {fileID: 0}
  - key: {fileID: 0}
    value: {fileID: 0}
  - key: {fileID: 0}
    value: {fileID: 0}
  - key: {fileID: 0}
    value: {fileID: 0}
  - key: {fileID: 114879633519538968, guid: fba10746587c2464eb204857c1f0ab5c, type: 2}
    value: {fileID: 0}
  - key: {fileID: 114648702622583882, guid: fba10746587c2464eb204857c1f0ab5c, type: 2}
    value: {fileID: 0}
  - key: {fileID: 114649128400860490, guid: fba10746587c2464eb204857c1f0ab5c, type: 2}
    value: {fileID: 0}
  - key: {fileID: 114198184511961658, guid: fba10746587c2464eb204857c1f0ab5c, type: 2}
    value: {fileID: 0}
  - key: {fileID: 114448093152993600, guid: fba10746587c2464eb204857c1f0ab5c, type: 2}
    value: {fileID: 0}
  - key: {fileID: 114884282128754336, guid: fba10746587c2464eb204857c1f0ab5c, type: 2}
    value: {fileID: 0}
  - key: {fileID: 114723593537662808, guid: fba10746587c2464eb204857c1f0ab5c, type: 2}
    value: {fileID: 0}
  - key: {fileID: 0}
    value: {fileID: 0}
  - key: {fileID: 0}
    value: {fileID: 0}
  - key: {fileID: 114739218743303812, guid: fba10746587c2464eb204857c1f0ab5c, type: 2}
    value: {fileID: 0}
  - key: {fileID: 0}
    value: {fileID: 0}
  - key: {fileID: 0}
    value: {fileID: 0}
  - key: {fileID: 0}
    value: {fileID: 0}
  - key: {fileID: 0}
    value: {fileID: 0}
  - key: {fileID: 0}
    value: {fileID: 0}
  - key: {fileID: 0}
    value: {fileID: 0}
  - key: {fileID: 114474375953733926, guid: fba10746587c2464eb204857c1f0ab5c, type: 2}
    value: {fileID: 0}
  - key: {fileID: 0}
    value: {fileID: 0}
  - key: {fileID: 0}
    value: {fileID: 0}
  - key: {fileID: 0}
    value: {fileID: 0}
  - key: {fileID: 0}
    value: {fileID: 0}
  - key: {fileID: 114301733178993712, guid: fba10746587c2464eb204857c1f0ab5c, type: 2}
    value: {fileID: 0}
  - key: {fileID: 0}
    value: {fileID: 0}
  - key: {fileID: 114867284532052384, guid: fba10746587c2464eb204857c1f0ab5c, type: 2}
    value: {fileID: 0}
  - key: {fileID: 114203276773765160, guid: fba10746587c2464eb204857c1f0ab5c, type: 2}
    value: {fileID: 0}
  - key: {fileID: 114178286092486860, guid: fba10746587c2464eb204857c1f0ab5c, type: 2}
    value: {fileID: 0}
  - key: {fileID: 0}
    value: {fileID: 0}
  - key: {fileID: 114612333566137004, guid: fba10746587c2464eb204857c1f0ab5c, type: 2}
    value: {fileID: 0}
  - key: {fileID: 0}
    value: {fileID: 0}
  - key: {fileID: 114859662900825102, guid: fba10746587c2464eb204857c1f0ab5c, type: 2}
    value: {fileID: 0}
  - key: {fileID: 114116315491870208, guid: fba10746587c2464eb204857c1f0ab5c, type: 2}
    value: {fileID: 0}
  - key: {fileID: 114878477734104246, guid: fba10746587c2464eb204857c1f0ab5c, type: 2}
    value: {fileID: 0}
  - key: {fileID: 0}
    value: {fileID: 0}
  - key: {fileID: 114288608820872478, guid: fba10746587c2464eb204857c1f0ab5c, type: 2}
    value: {fileID: 0}
  - key: {fileID: 114296549912972040, guid: fba10746587c2464eb204857c1f0ab5c, type: 2}
    value: {fileID: 0}
  - key: {fileID: 114576024199884266, guid: 3ba17c5bbc02e45448574746fee2ee57, type: 2}
    value: {fileID: 0}
  - key: {fileID: 114054427836748310, guid: 3ba17c5bbc02e45448574746fee2ee57, type: 2}
    value: {fileID: 0}
  - key: {fileID: 114583365826951648, guid: 3ba17c5bbc02e45448574746fee2ee57, type: 2}
    value: {fileID: 0}
  - key: {fileID: 114611946097835142, guid: 3ba17c5bbc02e45448574746fee2ee57, type: 2}
    value: {fileID: 0}
  - key: {fileID: 114604105180726280, guid: 3ba17c5bbc02e45448574746fee2ee57, type: 2}
    value: {fileID: 0}
  - key: {fileID: 114852429968242106, guid: 3ba17c5bbc02e45448574746fee2ee57, type: 2}
    value: {fileID: 0}
  - key: {fileID: 0}
    value: {fileID: 0}
  - key: {fileID: 114705651755962670, guid: 0acbda69c6f7e164abaf84e83595ef76, type: 2}
    value: {fileID: 0}
  - key: {fileID: 114010244601574218, guid: 0acbda69c6f7e164abaf84e83595ef76, type: 2}
    value: {fileID: 0}
  - key: {fileID: 114979830374216056, guid: 0acbda69c6f7e164abaf84e83595ef76, type: 2}
    value: {fileID: 0}
  - key: {fileID: 114318103150972982, guid: 0acbda69c6f7e164abaf84e83595ef76, type: 2}
    value: {fileID: 0}
  - key: {fileID: 114006825748265554, guid: 0acbda69c6f7e164abaf84e83595ef76, type: 2}
    value: {fileID: 0}
  - key: {fileID: 114210830695095756, guid: 0acbda69c6f7e164abaf84e83595ef76, type: 2}
    value: {fileID: 0}
  - key: {fileID: 114013955526402284, guid: 0acbda69c6f7e164abaf84e83595ef76, type: 2}
    value: {fileID: 0}
  - key: {fileID: 114270105250212704, guid: 0acbda69c6f7e164abaf84e83595ef76, type: 2}
    value: {fileID: 0}
  - key: {fileID: 114310265844903322, guid: 0acbda69c6f7e164abaf84e83595ef76, type: 2}
    value: {fileID: 0}
  - key: {fileID: 114324041755269626, guid: 0acbda69c6f7e164abaf84e83595ef76, type: 2}
    value: {fileID: 0}
  - key: {fileID: 114182181761442506, guid: 5f86f370eb200d342825ebdc581d78a5, type: 2}
    value: {fileID: 0}
  - key: {fileID: 114195232855783952, guid: 5f86f370eb200d342825ebdc581d78a5, type: 2}
    value: {fileID: 0}
  - key: {fileID: 114371103683672230, guid: 5f86f370eb200d342825ebdc581d78a5, type: 2}
    value: {fileID: 0}
  - key: {fileID: 114650119942521422, guid: 5f86f370eb200d342825ebdc581d78a5, type: 2}
    value: {fileID: 0}
  - key: {fileID: 114220288285481026, guid: 5f86f370eb200d342825ebdc581d78a5, type: 2}
    value: {fileID: 0}
  - key: {fileID: 114599053776431140, guid: 5f86f370eb200d342825ebdc581d78a5, type: 2}
    value: {fileID: 0}
  - key: {fileID: 114843866793427150, guid: 5f86f370eb200d342825ebdc581d78a5, type: 2}
    value: {fileID: 0}
  - key: {fileID: 114775799021909246, guid: 5f86f370eb200d342825ebdc581d78a5, type: 2}
    value: {fileID: 0}
  - key: {fileID: 114903929381395464, guid: 5f86f370eb200d342825ebdc581d78a5, type: 2}
    value: {fileID: 0}
  - key: {fileID: 114818299814343454, guid: 5f86f370eb200d342825ebdc581d78a5, type: 2}
    value: {fileID: 0}
  - key: {fileID: 114557409705144214, guid: 4bc81099252d7e546b3a5e7f33dd7308, type: 2}
    value: {fileID: 0}
  - key: {fileID: 114834984266442450, guid: 4bc81099252d7e546b3a5e7f33dd7308, type: 2}
    value: {fileID: 0}
  - key: {fileID: 114245003036623882, guid: 4bc81099252d7e546b3a5e7f33dd7308, type: 2}
    value: {fileID: 0}
  - key: {fileID: 114250174152738812, guid: 4bc81099252d7e546b3a5e7f33dd7308, type: 2}
    value: {fileID: 0}
  - key: {fileID: 114746044558366398, guid: 5fb9473e117cb5a4d9dbbfa66dacb671, type: 2}
    value: {fileID: 0}
  - key: {fileID: 114429700486831084, guid: 5fb9473e117cb5a4d9dbbfa66dacb671, type: 2}
    value: {fileID: 0}
  - key: {fileID: 114478815328852126, guid: 5fb9473e117cb5a4d9dbbfa66dacb671, type: 2}
    value: {fileID: 0}
  - key: {fileID: 114685941933265900, guid: 5fb9473e117cb5a4d9dbbfa66dacb671, type: 2}
    value: {fileID: 0}
  - key: {fileID: 114253878752045098, guid: 5fb9473e117cb5a4d9dbbfa66dacb671, type: 2}
    value: {fileID: 0}
  - key: {fileID: 114846582881145464, guid: 5fb9473e117cb5a4d9dbbfa66dacb671, type: 2}
    value: {fileID: 0}
  - key: {fileID: 114686448691877526, guid: 5fb9473e117cb5a4d9dbbfa66dacb671, type: 2}
    value: {fileID: 0}
  - key: {fileID: 114187020097836378, guid: 5fb9473e117cb5a4d9dbbfa66dacb671, type: 2}
    value: {fileID: 0}
  - key: {fileID: 114221808160771460, guid: 5fb9473e117cb5a4d9dbbfa66dacb671, type: 2}
    value: {fileID: 0}
  - key: {fileID: 114048225972575462, guid: 5fb9473e117cb5a4d9dbbfa66dacb671, type: 2}
    value: {fileID: 0}
  - key: {fileID: 114726471835783966, guid: 5fb9473e117cb5a4d9dbbfa66dacb671, type: 2}
    value: {fileID: 0}
  - key: {fileID: 114918676862472288, guid: 5fb9473e117cb5a4d9dbbfa66dacb671, type: 2}
    value: {fileID: 0}
  - key: {fileID: 114955206065589766, guid: 5fb9473e117cb5a4d9dbbfa66dacb671, type: 2}
    value: {fileID: 0}
  - key: {fileID: 114731172465094172, guid: 5fb9473e117cb5a4d9dbbfa66dacb671, type: 2}
    value: {fileID: 0}
  - key: {fileID: 114543507535984998, guid: 5fb9473e117cb5a4d9dbbfa66dacb671, type: 2}
    value: {fileID: 0}
  - key: {fileID: 114637705898930510, guid: 5fb9473e117cb5a4d9dbbfa66dacb671, type: 2}
    value: {fileID: 0}
  - key: {fileID: 0}
    value: {fileID: 0}
  - key: {fileID: 0}
    value: {fileID: 0}
  - key: {fileID: 0}
    value: {fileID: 0}
  - key: {fileID: 0}
    value: {fileID: 0}
  - key: {fileID: 0}
    value: {fileID: 0}
  - key: {fileID: 0}
    value: {fileID: 0}
  - key: {fileID: 0}
    value: {fileID: 0}
  - key: {fileID: 114208863296881102, guid: 39bb8c0a10ce06f4ea5eab7420467280, type: 2}
    value: {fileID: 0}
  - key: {fileID: 114075209763102440, guid: 39bb8c0a10ce06f4ea5eab7420467280, type: 2}
    value: {fileID: 0}
  - key: {fileID: 114559480585669448, guid: 39bb8c0a10ce06f4ea5eab7420467280, type: 2}
    value: {fileID: 0}
  - key: {fileID: 114407156645734896, guid: 39bb8c0a10ce06f4ea5eab7420467280, type: 2}
    value: {fileID: 0}
  - key: {fileID: 114827555458735926, guid: 39bb8c0a10ce06f4ea5eab7420467280, type: 2}
    value: {fileID: 0}
  - key: {fileID: 114412742500971902, guid: 39bb8c0a10ce06f4ea5eab7420467280, type: 2}
    value: {fileID: 0}
  - key: {fileID: 114849016674537756, guid: 39bb8c0a10ce06f4ea5eab7420467280, type: 2}
    value: {fileID: 0}
  - key: {fileID: 0}
    value: {fileID: 0}
  - key: {fileID: 0}
    value: {fileID: 0}
  - key: {fileID: 114054640493136392, guid: 383a61708fc3de648859151c3fc1dd12, type: 2}
    value: {fileID: 0}
  - key: {fileID: 114574732488520252, guid: 383a61708fc3de648859151c3fc1dd12, type: 2}
    value: {fileID: 0}
  - key: {fileID: 114574732488520252, guid: 074ac7d66f5574e40bc6d20363183f3b, type: 2}
    value: {fileID: 0}
  - key: {fileID: 114198053456478132, guid: 074ac7d66f5574e40bc6d20363183f3b, type: 2}
    value: {fileID: 0}
  - key: {fileID: 114750761258343094, guid: 074ac7d66f5574e40bc6d20363183f3b, type: 2}
    value: {fileID: 0}
  - key: {fileID: 114295300807645410, guid: 074ac7d66f5574e40bc6d20363183f3b, type: 2}
    value: {fileID: 0}
  - key: {fileID: 114797773090582574, guid: 074ac7d66f5574e40bc6d20363183f3b, type: 2}
    value: {fileID: 0}
  - key: {fileID: 114574732488520252, guid: b5b5316b4b049424ea72ab826243ddcb, type: 2}
    value: {fileID: 0}
  - key: {fileID: 114198053456478132, guid: b5b5316b4b049424ea72ab826243ddcb, type: 2}
    value: {fileID: 0}
  - key: {fileID: 114750761258343094, guid: b5b5316b4b049424ea72ab826243ddcb, type: 2}
    value: {fileID: 0}
  - key: {fileID: 114295300807645410, guid: b5b5316b4b049424ea72ab826243ddcb, type: 2}
    value: {fileID: 0}
  - key: {fileID: 114797773090582574, guid: b5b5316b4b049424ea72ab826243ddcb, type: 2}
    value: {fileID: 0}
  - key: {fileID: 114574732488520252, guid: 96a9a4fa79ee4cc4eb29a37182392c46, type: 2}
    value: {fileID: 0}
  - key: {fileID: 114574732488520252, guid: a36e727b89621ef4d843e7de8a0a41e8, type: 2}
    value: {fileID: 0}
  - key: {fileID: 114574732488520252, guid: cbcdb47e11d8a184bb66f26f34c0f978, type: 2}
    value: {fileID: 0}
  - key: {fileID: 114574732488520252, guid: 20f0a9929cb9d49d0a79a090c5522374, type: 2}
    value: {fileID: 0}
  - key: {fileID: 114574732488520252, guid: 9cea38dea6cfb4ab2bceb68a1c4e4c68, type: 2}
    value: {fileID: 0}
  - key: {fileID: 114574732488520252, guid: 2996c6136cb394524b840424fe4b8423, type: 2}
    value: {fileID: 0}
  m_ExposedReferences:
    m_References:
    - 97852a604abf0fb47a9fbb3e226ff298: {fileID: 0}
    - d57a7daf269dc874f893e4242171e07a: {fileID: 0}
    - aa569333c60809243986bee4677c128e: {fileID: 0}
    - a58a166dca7f95941ac3621f5310b36c: {fileID: 0}
    - baa084fe48cf36d4e85e11dabd38dc67: {fileID: 0}
    - ee473478092e80e479633fe789f72f1d: {fileID: 0}
    - 7c0753de4cdb6504db70bbd97a64de70: {fileID: 0}
    - d8ab10887078ff143a46c4df5655fcf4: {fileID: 0}
    - 1b8848da509ebcc43bb2bc8baa6eb697: {fileID: 0}
    - a48e07d141a1eb6489bdb197ffc52744: {fileID: 0}
    - 2e5749087ebbcd945b879cee64826230: {fileID: 0}
    - 88794b7d89bde3e40be99a8251b202a7: {fileID: 0}
    - 2d759ac1dfc488442841563cb83cfad5: {fileID: 0}
    - f8f02b8853ae1e94fad514b5d2a6f410: {fileID: 0}
    - d32f1371826334144a8008a7e10165a5: {fileID: 0}
    - f9368d8e2340bd345880fabaa38d1e8c: {fileID: 0}
    - cc84535158e534b418e34264e409db94: {fileID: 0}
    - af7f6c7ce401d4e4694a637a449aa236: {fileID: 0}
    - 7576f6a7861d42b4abc271f2b0bfa090: {fileID: 0}
    - 0ad62f737dfc4394597d85c1921d1a15: {fileID: 0}
    - 97969a2326cf4a34b8907cc61c99b141: {fileID: 0}
    - 69d2dae3e019e674f91cf04026fd1d4a: {fileID: 0}
    - 7fa38c9d22ed5bf4a976d473540283e8: {fileID: 0}
    - e1d428bca2d5b0b46a065a430b6f2f42: {fileID: 0}
    - 55318db0165d1f449a8b07fb2f39ce0a: {fileID: 0}
    - bc968e88121873f479ca48f9017ef304: {fileID: 0}
    - cc5dcb644e209d04ab0a4a54ba95044b: {fileID: 0}
    - 5bad421f458da33458c86f342f7f831e: {fileID: 0}
    - 8dc615e94c747ce419db445a7d5b9256: {fileID: 0}
    - d55b4e5132e73c440bef2ccd32ec3399: {fileID: 0}
    - 7aee01dbc37af8d4f927794d6ff34001: {fileID: 0}
    - 93128bb4d9b330f4c9ce3d03f07a6630: {fileID: 0}
    - 46504b56abe4ff843a6db0f188055f03: {fileID: 0}
    - da936d3b5cdef07498e272c63c35de0d: {fileID: 0}
    - 04d39f3c3579a604e8ba3ee07e040766: {fileID: 0}
    - 7237fccdb3295cc4d833ef966c0d4601: {fileID: 0}
    - c79900ed0e5352949b1799c11f307cc8: {fileID: 0}
    - 38b4e54e0a807914ca5f2f88156dda74: {fileID: 0}
    - 4868c2cbd5b6ecb4d904114aab5c26c7: {fileID: 0}
    - 8e53c651decf2ac40bdeab80a8e8a7b4: {fileID: 0}
    - 258b57fb0b6685f4d9864b020ad6cd76: {fileID: 0}
    - 47d88f0540cebc2419e9164570813a2a: {fileID: 0}
    - 0e4284df1878f8545be340ac28254f2f: {fileID: 0}
    - 11f3c44e981d0354888e1df6302dea36: {fileID: 0}
    - 4b92a007180322545aa87467b7fba7d5: {fileID: 0}
    - 62700128685aa944e94772b3f6c65cb6: {fileID: 0}
    - 43dfa0e224193614eb7f786c9811577c: {fileID: 0}
    - 35c98163cc44a1b4bb79c54d06d42e0e: {fileID: 0}
    - d2936aebee14447448c65a0b65715711: {fileID: 0}
    - c728b25348407eb4bb7cae231030b780: {fileID: 0}
    - 92ed8e872c3aafd40b7f5249246368e3: {fileID: 0}
    - bb998b5d4f4fe45459cc253774e1e6b8: {fileID: 0}
    - 32955abfca0f43f47b31d1938da63194: {fileID: 0}
    - f6218ba7f928a084e816467621b340b3: {fileID: 0}
    - a952df810f1bd694e92d3c0a7e8f4369: {fileID: 0}
    - ef4e7b212c032ed4892e28a7996e5817: {fileID: 0}
    - 456d94de2022c6b468eb998eb4a6716c: {fileID: 0}
    - 64dccc7b1af06c04e9a7789af1f2ae5d: {fileID: 0}
    - 48b9c8c4ecab26743b6ea21ec47d25e3: {fileID: 827519799}
    - 063cf94cad913c24c9b1daf905c9f80a: {fileID: 0}
    - 95c1098ea44acf046bdc01975aabfdad: {fileID: 0}
    - a3f55f38c697a4d4aa3710add33b151f: {fileID: 0}
    - 8cce4fd8eae5d66439f4e87ff3cfe0cb: {fileID: 0}
    - 1c9f59bbe1792aa438b0c3bcfbe51fb9: {fileID: 0}
    - c5467d19f2beaa94d96b424e90287164: {fileID: 0}
    - 5dab9a508cc95b14db8b410dd5e72555: {fileID: 0}
    - 47b0b5a744b6fee4b805fe08f8f56efb: {fileID: 0}
    - 02aa73cafe3ff69408dbe424a93997af: {fileID: 0}
    - fff26198f8702624ca3313afa5f26c8c: {fileID: 0}
    - b5281dd0e50a4a84d80094fcfa057425: {fileID: 0}
    - d05c759f15929fd44b88a8751c7c31bc: {fileID: 0}
    - d87163c2aa30b8643b2204e13f0ac662: {fileID: 0}
    - a41002980a0138e4f9c7486d054b944d: {fileID: 0}
    - 81ada4e7b1b0cfe46a675b6cdb81cceb: {fileID: 0}
--- !u!4 &1737063716
Transform:
  m_ObjectHideFlags: 0
  m_CorrespondingSourceObject: {fileID: 4070308373115616, guid: 6f1376a45248d4f83b028fe3fb073ed6,
    type: 2}
  m_PrefabInternal: {fileID: 0}
  m_GameObject: {fileID: 1737063710}
  m_LocalRotation: {x: 0, y: 0, z: 0, w: 1}
  m_LocalPosition: {x: 0, y: 0, z: 0}
  m_LocalScale: {x: 1, y: 1, z: 1}
  m_Children: []
  m_Father: {fileID: 402302031}
  m_RootOrder: 0
  m_LocalEulerAnglesHint: {x: 0, y: 0, z: 0}
--- !u!1 &1889422537
GameObject:
  m_ObjectHideFlags: 0
  m_CorrespondingSourceObject: {fileID: 1329193293317510, guid: 80d5722f22a14d74bb1ffb7b4329b32d,
    type: 2}
  m_PrefabInternal: {fileID: 0}
  serializedVersion: 6
  m_Component:
  - component: {fileID: 1889422538}
  - component: {fileID: 1889422542}
  - component: {fileID: 1889422541}
  - component: {fileID: 1889422540}
  - component: {fileID: 1889422539}
  m_Layer: 5
  m_Name: Portrait
  m_TagString: Untagged
  m_Icon: {fileID: 0}
  m_NavMeshLayer: 0
  m_StaticEditorFlags: 0
  m_IsActive: 1
--- !u!224 &1889422538
RectTransform:
  m_ObjectHideFlags: 0
  m_CorrespondingSourceObject: {fileID: 224183871560327404, guid: 80d5722f22a14d74bb1ffb7b4329b32d,
    type: 2}
  m_PrefabInternal: {fileID: 0}
  m_GameObject: {fileID: 1889422537}
  m_LocalRotation: {x: -0, y: -0, z: -0, w: 1}
  m_LocalPosition: {x: 0, y: 0, z: 0}
  m_LocalScale: {x: 1, y: 1, z: 1}
  m_Children: []
  m_Father: {fileID: 1164204253}
  m_RootOrder: 2
  m_LocalEulerAnglesHint: {x: 0, y: 0, z: 0}
  m_AnchorMin: {x: 0, y: 0}
  m_AnchorMax: {x: 0, y: 1}
  m_AnchoredPosition: {x: -100, y: -27}
  m_SizeDelta: {x: 404.71057, y: 161}
  m_Pivot: {x: 1, y: 0}
--- !u!114 &1889422539
MonoBehaviour:
  m_ObjectHideFlags: 0
  m_CorrespondingSourceObject: {fileID: 0}
  m_PrefabInternal: {fileID: 0}
  m_GameObject: {fileID: 1889422537}
  m_Enabled: 1
  m_EditorHideFlags: 0
  m_Script: {fileID: 1679637790, guid: f70555f144d8491a825f0804e09c671c, type: 3}
  m_Name: 
  m_EditorClassIdentifier: 
  m_IgnoreLayout: 1
  m_MinWidth: -1
  m_MinHeight: -1
  m_PreferredWidth: -1
  m_PreferredHeight: -1
  m_FlexibleWidth: -1
  m_FlexibleHeight: -1
  m_LayoutPriority: 1
--- !u!114 &1889422540
MonoBehaviour:
  m_ObjectHideFlags: 0
  m_CorrespondingSourceObject: {fileID: 0}
  m_PrefabInternal: {fileID: 0}
  m_GameObject: {fileID: 1889422537}
  m_Enabled: 1
  m_EditorHideFlags: 0
  m_Script: {fileID: -1254083943, guid: f70555f144d8491a825f0804e09c671c, type: 3}
  m_Name: 
  m_EditorClassIdentifier: 
  m_AspectMode: 2
  m_AspectRatio: 0.77679574
--- !u!114 &1889422541
MonoBehaviour:
  m_ObjectHideFlags: 0
  m_CorrespondingSourceObject: {fileID: 114859759946108462, guid: 80d5722f22a14d74bb1ffb7b4329b32d,
    type: 2}
  m_PrefabInternal: {fileID: 0}
  m_GameObject: {fileID: 1889422537}
  m_Enabled: 1
  m_EditorHideFlags: 0
  m_Script: {fileID: -765806418, guid: f70555f144d8491a825f0804e09c671c, type: 3}
  m_Name: 
  m_EditorClassIdentifier: 
  m_Material: {fileID: 0}
  m_Color: {r: 1, g: 1, b: 1, a: 1}
  m_RaycastTarget: 1
  m_OnCullStateChanged:
    m_PersistentCalls:
      m_Calls: []
    m_TypeName: UnityEngine.UI.MaskableGraphic+CullStateChangedEvent, UnityEngine.UI,
      Version=1.0.0.0, Culture=neutral, PublicKeyToken=null
  m_Sprite: {fileID: 21300000, guid: 2e7a9dd2dfc90994c98fea48cb7c03d8, type: 3}
  m_Type: 0
  m_PreserveAspect: 0
  m_FillCenter: 1
  m_FillMethod: 4
  m_FillAmount: 1
  m_FillClockwise: 1
  m_FillOrigin: 0
--- !u!222 &1889422542
CanvasRenderer:
  m_ObjectHideFlags: 0
  m_CorrespondingSourceObject: {fileID: 222931140661985514, guid: 80d5722f22a14d74bb1ffb7b4329b32d,
    type: 2}
  m_PrefabInternal: {fileID: 0}
  m_GameObject: {fileID: 1889422537}
  m_CullTransparentMesh: 0
--- !u!1 &1918743611
GameObject:
  m_ObjectHideFlags: 0
  m_CorrespondingSourceObject: {fileID: 0}
  m_PrefabInternal: {fileID: 0}
  serializedVersion: 6
  m_Component:
  - component: {fileID: 1918743613}
  - component: {fileID: 1918743612}
  m_Layer: 0
  m_Name: Loader
  m_TagString: Untagged
  m_Icon: {fileID: 0}
  m_NavMeshLayer: 0
  m_StaticEditorFlags: 0
  m_IsActive: 1
--- !u!114 &1918743612
MonoBehaviour:
  m_ObjectHideFlags: 0
  m_CorrespondingSourceObject: {fileID: 0}
  m_PrefabInternal: {fileID: 0}
  m_GameObject: {fileID: 1918743611}
  m_Enabled: 1
  m_EditorHideFlags: 0
  m_Script: {fileID: 11500000, guid: dea9bdf4d448beb45b569afdd83789b0, type: 3}
  m_Name: 
  m_EditorClassIdentifier: 
  _dependenciesData: {fileID: 11400000, guid: 95087614a28c3274b99fe61e854854c3, type: 2}
--- !u!4 &1918743613
Transform:
  m_ObjectHideFlags: 0
  m_CorrespondingSourceObject: {fileID: 0}
  m_PrefabInternal: {fileID: 0}
  m_GameObject: {fileID: 1918743611}
  m_LocalRotation: {x: 0, y: 0, z: 0, w: 1}
  m_LocalPosition: {x: 0, y: 0, z: 0}
  m_LocalScale: {x: 1, y: 1, z: 1}
  m_Children: []
  m_Father: {fileID: 0}
  m_RootOrder: 2
  m_LocalEulerAnglesHint: {x: 0, y: 0, z: 0}
--- !u!1 &1930284784
GameObject:
  m_ObjectHideFlags: 0
  m_CorrespondingSourceObject: {fileID: 1671643141580766, guid: 80d5722f22a14d74bb1ffb7b4329b32d,
    type: 2}
  m_PrefabInternal: {fileID: 0}
  serializedVersion: 6
  m_Component:
  - component: {fileID: 1930284785}
  - component: {fileID: 1930284790}
  - component: {fileID: 1930284789}
  - component: {fileID: 1930284788}
  - component: {fileID: 1930284787}
  - component: {fileID: 1930284786}
  m_Layer: 5
  m_Name: Text
  m_TagString: Untagged
  m_Icon: {fileID: 0}
  m_NavMeshLayer: 0
  m_StaticEditorFlags: 0
  m_IsActive: 1
--- !u!224 &1930284785
RectTransform:
  m_ObjectHideFlags: 0
  m_CorrespondingSourceObject: {fileID: 224599583649218826, guid: 80d5722f22a14d74bb1ffb7b4329b32d,
    type: 2}
  m_PrefabInternal: {fileID: 0}
  m_GameObject: {fileID: 1930284784}
  m_LocalRotation: {x: -0, y: -0, z: -0, w: 1}
  m_LocalPosition: {x: 0, y: 0, z: 0}
  m_LocalScale: {x: 1.0003626, y: 1.0003626, z: 1.0003626}
  m_Children: []
  m_Father: {fileID: 1164204253}
  m_RootOrder: 0
  m_LocalEulerAnglesHint: {x: 0, y: 0, z: 0}
  m_AnchorMin: {x: 0, y: 1}
  m_AnchorMax: {x: 0, y: 1}
  m_AnchoredPosition: {x: 718.45013, y: -180}
  m_SizeDelta: {x: 1376.9003, y: 300}
  m_Pivot: {x: 0.5, y: 0.5}
--- !u!114 &1930284786
MonoBehaviour:
  m_ObjectHideFlags: 0
  m_CorrespondingSourceObject: {fileID: 0}
  m_PrefabInternal: {fileID: 0}
  m_GameObject: {fileID: 1930284784}
  m_Enabled: 1
  m_EditorHideFlags: 0
  m_Script: {fileID: 1679637790, guid: f70555f144d8491a825f0804e09c671c, type: 3}
  m_Name: 
  m_EditorClassIdentifier: 
  m_IgnoreLayout: 0
  m_MinWidth: -1
  m_MinHeight: 300
  m_PreferredWidth: -1
  m_PreferredHeight: -1
  m_FlexibleWidth: -1
  m_FlexibleHeight: -1
  m_LayoutPriority: 1
--- !u!114 &1930284787
MonoBehaviour:
  m_ObjectHideFlags: 0
  m_CorrespondingSourceObject: {fileID: 114656726840649212, guid: 80d5722f22a14d74bb1ffb7b4329b32d,
    type: 2}
  m_PrefabInternal: {fileID: 0}
  m_GameObject: {fileID: 1930284784}
  m_Enabled: 1
  m_EditorHideFlags: 0
  m_Script: {fileID: 11500000, guid: b162f62744e6751469689f7325485049, type: 3}
  m_Name: 
  m_EditorClassIdentifier: 
  _textID: TUTOR_MATCH3_BOXES
  _textComponent: {fileID: 1930284789}
--- !u!114 &1930284788
MonoBehaviour:
  m_ObjectHideFlags: 0
  m_CorrespondingSourceObject: {fileID: 114161752723969638, guid: 80d5722f22a14d74bb1ffb7b4329b32d,
    type: 2}
  m_PrefabInternal: {fileID: 0}
  m_GameObject: {fileID: 1930284784}
  m_Enabled: 1
  m_EditorHideFlags: 0
  m_Script: {fileID: 11500000, guid: 0496a6906804c25448300bde82f2b5cb, type: 3}
  m_Name: 
  m_EditorClassIdentifier: 
  _textPresenterComponent: {fileID: 1930284789}
--- !u!114 &1930284789
MonoBehaviour:
  m_ObjectHideFlags: 0
  m_CorrespondingSourceObject: {fileID: 114936019464855486, guid: 80d5722f22a14d74bb1ffb7b4329b32d,
    type: 2}
  m_PrefabInternal: {fileID: 0}
  m_GameObject: {fileID: 1930284784}
  m_Enabled: 1
  m_EditorHideFlags: 0
  m_Script: {fileID: 11500000, guid: 36150239826ae5e44a342d60270c4a4b, type: 3}
  m_Name: 
  m_EditorClassIdentifier: 
  m_Material: {fileID: 0}
  m_Color: {r: 0.5294118, g: 0.3803922, b: 0.19607845, a: 1}
  m_RaycastTarget: 0
  m_OnCullStateChanged:
    m_PersistentCalls:
      m_Calls: []
    m_TypeName: UnityEngine.UI.MaskableGraphic+CullStateChangedEvent, UnityEngine.UI,
      Version=1.0.0.0, Culture=neutral, PublicKeyToken=null
  m_FontData:
    m_Font: {fileID: 12800000, guid: c1e80577616e5044cba173d468b62dff, type: 3}
    m_FontSize: 74
    m_FontStyle: 0
    m_BestFit: 0
    m_MinSize: 6
    m_MaxSize: 80
    m_Alignment: 4
    m_AlignByGeometry: 0
    m_RichText: 1
    m_HorizontalOverflow: 0
    m_VerticalOverflow: 0
    m_LineSpacing: 1
  m_Text: "\u0423\u043D\u0438\u0447\u0442\u043E\u0436\u0430\u0439\u0442\u0435 <color=#008000ff>\u044F\u0449\u0438\u043A\u0438</color>,
    \u0441\u043E\u0431\u0438\u0440\u0430\u044F \u0440\u044F\u0434\u043E\u043C \u043A\u043E\u043C\u0431\u0438\u043D\u0430\u0446\u0438\u0438
    \u0438\u0437 \u0444\u0438\u0448\u0435\u043A \u0438 \u0432\u0437\u0440\u044B\u0432\u0430\u044F
    \u0431\u043E\u043D\u0443\u0441\u044B."
  _textChangedEvent:
    m_PersistentCalls:
      m_Calls: []
    m_TypeName: DreamTeam.Utils.UI.NotifyingText+TextChangedEvent, Assembly-CSharp,
      Version=0.0.0.0, Culture=neutral, PublicKeyToken=null
--- !u!222 &1930284790
CanvasRenderer:
  m_ObjectHideFlags: 0
  m_CorrespondingSourceObject: {fileID: 222677271271643652, guid: 80d5722f22a14d74bb1ffb7b4329b32d,
    type: 2}
  m_PrefabInternal: {fileID: 0}
  m_GameObject: {fileID: 1930284784}
  m_CullTransparentMesh: 0
