%YAML 1.1
%TAG !u! tag:unity3d.com,2011:
--- !u!29 &1
OcclusionCullingSettings:
  m_ObjectHideFlags: 0
  serializedVersion: 2
  m_OcclusionBakeSettings:
    smallestOccluder: 5
    smallestHole: 0.25
    backfaceThreshold: 100
  m_SceneGUID: 00000000000000000000000000000000
  m_OcclusionCullingData: {fileID: 0}
--- !u!104 &2
RenderSettings:
  m_ObjectHideFlags: 0
  serializedVersion: 9
  m_Fog: 0
  m_FogColor: {r: 0.5, g: 0.5, b: 0.5, a: 1}
  m_FogMode: 3
  m_FogDensity: 0.01
  m_LinearFogStart: 0
  m_LinearFogEnd: 300
  m_AmbientSkyColor: {r: 0.212, g: 0.227, b: 0.259, a: 1}
  m_AmbientEquatorColor: {r: 0.114, g: 0.125, b: 0.133, a: 1}
  m_AmbientGroundColor: {r: 0.047, g: 0.043, b: 0.035, a: 1}
  m_AmbientIntensity: 1
  m_AmbientMode: 3
  m_SubtractiveShadowColor: {r: 0.42, g: 0.478, b: 0.627, a: 1}
  m_SkyboxMaterial: {fileID: 0}
  m_HaloStrength: 0.5
  m_FlareStrength: 1
  m_FlareFadeSpeed: 3
  m_HaloTexture: {fileID: 0}
  m_SpotCookie: {fileID: 10001, guid: 0000000000000000e000000000000000, type: 0}
  m_DefaultReflectionMode: 0
  m_DefaultReflectionResolution: 128
  m_ReflectionBounces: 1
  m_ReflectionIntensity: 1
  m_CustomReflection: {fileID: 0}
  m_Sun: {fileID: 0}
  m_IndirectSpecularColor: {r: 0, g: 0, b: 0, a: 1}
  m_UseRadianceAmbientProbe: 0
--- !u!157 &3
LightmapSettings:
  m_ObjectHideFlags: 0
  serializedVersion: 11
  m_GIWorkflowMode: 1
  m_GISettings:
    serializedVersion: 2
    m_BounceScale: 1
    m_IndirectOutputScale: 1
    m_AlbedoBoost: 1
    m_TemporalCoherenceThreshold: 1
    m_EnvironmentLightingMode: 0
    m_EnableBakedLightmaps: 0
    m_EnableRealtimeLightmaps: 0
  m_LightmapEditorSettings:
    serializedVersion: 10
    m_Resolution: 2
    m_BakeResolution: 40
    m_AtlasSize: 1024
    m_AO: 0
    m_AOMaxDistance: 1
    m_CompAOExponent: 1
    m_CompAOExponentDirect: 0
    m_Padding: 2
    m_LightmapParameters: {fileID: 0}
    m_LightmapsBakeMode: 1
    m_TextureCompression: 1
    m_FinalGather: 0
    m_FinalGatherFiltering: 1
    m_FinalGatherRayCount: 256
    m_ReflectionCompression: 2
    m_MixedBakeMode: 2
    m_BakeBackend: 0
    m_PVRSampling: 1
    m_PVRDirectSampleCount: 32
    m_PVRSampleCount: 500
    m_PVRBounces: 2
    m_PVRFilterTypeDirect: 0
    m_PVRFilterTypeIndirect: 0
    m_PVRFilterTypeAO: 0
    m_PVRFilteringMode: 1
    m_PVRCulling: 1
    m_PVRFilteringGaussRadiusDirect: 1
    m_PVRFilteringGaussRadiusIndirect: 5
    m_PVRFilteringGaussRadiusAO: 2
    m_PVRFilteringAtrousPositionSigmaDirect: 0.5
    m_PVRFilteringAtrousPositionSigmaIndirect: 2
    m_PVRFilteringAtrousPositionSigmaAO: 1
    m_ShowResolutionOverlay: 1
  m_LightingDataAsset: {fileID: 0}
  m_UseShadowmask: 1
--- !u!196 &4
NavMeshSettings:
  serializedVersion: 2
  m_ObjectHideFlags: 0
  m_BuildSettings:
    serializedVersion: 2
    agentTypeID: 0
    agentRadius: 0.5
    agentHeight: 2
    agentSlope: 45
    agentClimb: 0.4
    ledgeDropHeight: 0
    maxJumpAcrossDistance: 0
    minRegionArea: 2
    manualCellSize: 0
    cellSize: 0.16666667
    manualTileSize: 0
    tileSize: 256
    accuratePlacement: 0
    debug:
      m_Flags: 0
  m_NavMeshData: {fileID: 0}
--- !u!1 &76911537
GameObject:
  m_ObjectHideFlags: 0
  m_CorrespondingSourceObject: {fileID: 1286742693146412, guid: 80d5722f22a14d74bb1ffb7b4329b32d,
    type: 2}
  m_PrefabInternal: {fileID: 0}
  serializedVersion: 6
  m_Component:
  - component: {fileID: 76911538}
  - component: {fileID: 76911542}
  - component: {fileID: 76911541}
  - component: {fileID: 76911540}
  - component: {fileID: 76911539}
  m_Layer: 5
  m_Name: Animation
  m_TagString: Untagged
  m_Icon: {fileID: 0}
  m_NavMeshLayer: 0
  m_StaticEditorFlags: 0
  m_IsActive: 0
--- !u!224 &76911538
RectTransform:
  m_ObjectHideFlags: 0
  m_CorrespondingSourceObject: {fileID: 224247767005008492, guid: 80d5722f22a14d74bb1ffb7b4329b32d,
    type: 2}
  m_PrefabInternal: {fileID: 0}
  m_GameObject: {fileID: 76911537}
  m_LocalRotation: {x: 0, y: 0, z: 0, w: 1}
  m_LocalPosition: {x: 0, y: 0, z: 0}
  m_LocalScale: {x: 1, y: 1, z: 1}
  m_Children:
  - {fileID: 1269856321}
  - {fileID: 137602574}
  m_Father: {fileID: 1659560774}
  m_RootOrder: 0
  m_LocalEulerAnglesHint: {x: 0, y: 0, z: 0}
  m_AnchorMin: {x: 0.25, y: 0.5}
  m_AnchorMax: {x: 0.75, y: 0.5}
  m_AnchoredPosition: {x: 0, y: 0}
  m_SizeDelta: {x: 0, y: 287}
  m_Pivot: {x: 0.5, y: 0.5}
--- !u!225 &76911539
CanvasGroup:
  m_ObjectHideFlags: 0
  m_CorrespondingSourceObject: {fileID: 225688588859577430, guid: 80d5722f22a14d74bb1ffb7b4329b32d,
    type: 2}
  m_PrefabInternal: {fileID: 0}
  m_GameObject: {fileID: 76911537}
  m_Enabled: 1
  m_Alpha: 1
  m_Interactable: 0
  m_BlocksRaycasts: 1
  m_IgnoreParentGroups: 0
--- !u!114 &76911540
MonoBehaviour:
  m_ObjectHideFlags: 0
  m_CorrespondingSourceObject: {fileID: 114959019939741996, guid: 80d5722f22a14d74bb1ffb7b4329b32d,
    type: 2}
  m_PrefabInternal: {fileID: 0}
  m_GameObject: {fileID: 76911537}
  m_Enabled: 1
  m_EditorHideFlags: 0
  m_Script: {fileID: 11500000, guid: a3197163864849b4e94d864824bf73be, type: 3}
  m_Name: 
  m_EditorClassIdentifier: 
  _animationClips:
    _serializedKeys: 000000000100000002000000
    _serializedValues:
    - {fileID: 7400000, guid: 25a93e084e16b044e8dc6838aba0f20d, type: 2}
    - {fileID: 7400000, guid: c89348ea2c557714f9711251682bf3e0, type: 2}
    - {fileID: 0}
--- !u!111 &76911541
Animation:
  m_ObjectHideFlags: 0
  m_CorrespondingSourceObject: {fileID: 111325327192471546, guid: 80d5722f22a14d74bb1ffb7b4329b32d,
    type: 2}
  m_PrefabInternal: {fileID: 0}
  m_GameObject: {fileID: 76911537}
  m_Enabled: 1
  serializedVersion: 3
  m_Animation: {fileID: 0}
  m_Animations:
  - {fileID: 7400000, guid: 25a93e084e16b044e8dc6838aba0f20d, type: 2}
  - {fileID: 7400000, guid: c89348ea2c557714f9711251682bf3e0, type: 2}
  m_WrapMode: 0
  m_PlayAutomatically: 0
  m_AnimatePhysics: 0
  m_CullingType: 0
--- !u!114 &76911542
MonoBehaviour:
  m_ObjectHideFlags: 0
  m_CorrespondingSourceObject: {fileID: 114178493171492212, guid: 80d5722f22a14d74bb1ffb7b4329b32d,
    type: 2}
  m_PrefabInternal: {fileID: 0}
  m_GameObject: {fileID: 76911537}
  m_Enabled: 1
  m_EditorHideFlags: 0
  m_Script: {fileID: 11500000, guid: 25396d22c2d97a64d918bb01f7dc34a7, type: 3}
  m_Name: 
  m_EditorClassIdentifier: 
  _switchContent: 0
  _switchableObjects:
    _serializedKeys: 0000000001000000
    _serializedValues:
    - {fileID: 1269856320}
    - {fileID: 137602573}
  _orientation: 1
--- !u!1 &137602573
GameObject:
  m_ObjectHideFlags: 0
  m_CorrespondingSourceObject: {fileID: 1721471045317998, guid: 80d5722f22a14d74bb1ffb7b4329b32d,
    type: 2}
  m_PrefabInternal: {fileID: 0}
  serializedVersion: 6
  m_Component:
  - component: {fileID: 137602574}
  m_Layer: 5
  m_Name: Hint_l
  m_TagString: Untagged
  m_Icon: {fileID: 0}
  m_NavMeshLayer: 0
  m_StaticEditorFlags: 0
  m_IsActive: 1
--- !u!224 &137602574
RectTransform:
  m_ObjectHideFlags: 0
  m_CorrespondingSourceObject: {fileID: 224632702660699926, guid: 80d5722f22a14d74bb1ffb7b4329b32d,
    type: 2}
  m_PrefabInternal: {fileID: 0}
  m_GameObject: {fileID: 137602573}
  m_LocalRotation: {x: -0, y: -0, z: -0, w: 1}
  m_LocalPosition: {x: 0, y: 0, z: 0}
  m_LocalScale: {x: 1, y: 1, z: 1}
  m_Children:
  - {fileID: 1890778079}
  m_Father: {fileID: 76911538}
  m_RootOrder: 1
  m_LocalEulerAnglesHint: {x: 0, y: 0, z: 0}
  m_AnchorMin: {x: 0, y: 0}
  m_AnchorMax: {x: 1, y: 1}
  m_AnchoredPosition: {x: -0.00024414062, y: -106}
  m_SizeDelta: {x: 0, y: 0}
  m_Pivot: {x: 0.5, y: 0.5}
--- !u!1 &281496318
GameObject:
  m_ObjectHideFlags: 0
  m_CorrespondingSourceObject: {fileID: 0}
  m_PrefabInternal: {fileID: 0}
  serializedVersion: 6
  m_Component:
  - component: {fileID: 281496324}
  - component: {fileID: 281496323}
  - component: {fileID: 281496322}
  - component: {fileID: 281496321}
  - component: {fileID: 281496320}
  - component: {fileID: 281496319}
  m_Layer: 0
  m_Name: Context
  m_TagString: Untagged
  m_Icon: {fileID: 0}
  m_NavMeshLayer: 0
  m_StaticEditorFlags: 0
  m_IsActive: 1
--- !u!114 &281496319
MonoBehaviour:
  m_ObjectHideFlags: 0
  m_CorrespondingSourceObject: {fileID: 0}
  m_PrefabInternal: {fileID: 0}
  m_GameObject: {fileID: 281496318}
  m_Enabled: 1
  m_EditorHideFlags: 0
  m_Script: {fileID: 11500000, guid: a8f1a418ab10446fb73d38b56a422ff8, type: 3}
  m_Name: 
  m_EditorClassIdentifier: 
  _rootObject: {fileID: 402302029}
--- !u!114 &281496320
MonoBehaviour:
  m_ObjectHideFlags: 0
  m_CorrespondingSourceObject: {fileID: 0}
  m_PrefabInternal: {fileID: 0}
  m_GameObject: {fileID: 281496318}
  m_Enabled: 1
  m_EditorHideFlags: 0
  m_Script: {fileID: 11500000, guid: a8f1a418ab10446fb73d38b56a422ff8, type: 3}
  m_Name: 
  m_EditorClassIdentifier: 
  _rootObject: {fileID: 0}
--- !u!114 &281496321
MonoBehaviour:
  m_ObjectHideFlags: 0
  m_CorrespondingSourceObject: {fileID: 0}
  m_PrefabInternal: {fileID: 0}
  m_GameObject: {fileID: 281496318}
  m_Enabled: 1
  m_EditorHideFlags: 0
  m_Script: {fileID: 11500000, guid: 89715ad69b973a14899afa2c6730b30b, type: 3}
  m_Name: 
  m_EditorClassIdentifier: 
  _installers:
  - {fileID: 281496322}
  _installerPrefabs: []
  _scriptableObjectInstallers: []
  _autoRun: 1
  _parentNewObjectsUnderRoot: 0
  _contractNames: []
  _parentContractName: 
  _parentContractNames:
  - Match3Contract
--- !u!114 &281496322
MonoBehaviour:
  m_ObjectHideFlags: 0
  m_CorrespondingSourceObject: {fileID: 0}
  m_PrefabInternal: {fileID: 0}
  m_GameObject: {fileID: 281496318}
  m_Enabled: 1
  m_EditorHideFlags: 0
  m_Script: {fileID: 11500000, guid: 56499f9cf1624fcca15c4f8e84ea03f0, type: 3}
  m_Name: 
  m_EditorClassIdentifier: 
--- !u!114 &281496323
MonoBehaviour:
  m_ObjectHideFlags: 0
  m_CorrespondingSourceObject: {fileID: 0}
  m_PrefabInternal: {fileID: 0}
  m_GameObject: {fileID: 281496318}
  m_Enabled: 1
  m_EditorHideFlags: 0
  m_Script: {fileID: 11500000, guid: 5667b735e537e3f48a9306a55bb133bf, type: 3}
  m_Name: 
  m_EditorClassIdentifier: 
  _rootType: 1
--- !u!4 &281496324
Transform:
  m_ObjectHideFlags: 0
  m_CorrespondingSourceObject: {fileID: 0}
  m_PrefabInternal: {fileID: 0}
  m_GameObject: {fileID: 281496318}
  m_LocalRotation: {x: 0, y: 0, z: 0, w: 1}
  m_LocalPosition: {x: 0, y: 0, z: 0}
  m_LocalScale: {x: 1, y: 1, z: 1}
  m_Children: []
  m_Father: {fileID: 0}
  m_RootOrder: 1
  m_LocalEulerAnglesHint: {x: 0, y: 0, z: 0}
--- !u!1 &402302029
GameObject:
  m_ObjectHideFlags: 0
  m_CorrespondingSourceObject: {fileID: 0}
  m_PrefabInternal: {fileID: 0}
  serializedVersion: 6
  m_Component:
  - component: {fileID: 402302031}
  - component: {fileID: 402302032}
  m_Layer: 0
  m_Name: Root
  m_TagString: Untagged
  m_Icon: {fileID: 0}
  m_NavMeshLayer: 0
  m_StaticEditorFlags: 0
  m_IsActive: 1
--- !u!4 &402302031
Transform:
  m_ObjectHideFlags: 0
  m_CorrespondingSourceObject: {fileID: 0}
  m_PrefabInternal: {fileID: 0}
  m_GameObject: {fileID: 402302029}
  m_LocalRotation: {x: 0, y: 0, z: 0, w: 1}
  m_LocalPosition: {x: 0, y: 0, z: 0}
  m_LocalScale: {x: 1, y: 1, z: 1}
  m_Children:
  - {fileID: 1737063716}
  - {fileID: 2013837352}
  m_Father: {fileID: 0}
  m_RootOrder: 0
  m_LocalEulerAnglesHint: {x: 0, y: 0, z: 0}
--- !u!114 &402302032
MonoBehaviour:
  m_ObjectHideFlags: 0
  m_CorrespondingSourceObject: {fileID: 0}
  m_PrefabInternal: {fileID: 0}
  m_GameObject: {fileID: 402302029}
  m_Enabled: 1
  m_EditorHideFlags: 0
  m_Script: {fileID: 11500000, guid: 5667b735e537e3f48a9306a55bb133bf, type: 3}
  m_Name: 
  m_EditorClassIdentifier: 
  _rootType: 0
--- !u!1 &778752623
GameObject:
  m_ObjectHideFlags: 0
  m_CorrespondingSourceObject: {fileID: 1329193293317510, guid: 80d5722f22a14d74bb1ffb7b4329b32d,
    type: 2}
  m_PrefabInternal: {fileID: 0}
  serializedVersion: 6
  m_Component:
  - component: {fileID: 778752624}
  - component: {fileID: 778752628}
  - component: {fileID: 778752627}
  - component: {fileID: 778752626}
  - component: {fileID: 778752625}
  m_Layer: 5
  m_Name: Portrait
  m_TagString: Untagged
  m_Icon: {fileID: 0}
  m_NavMeshLayer: 0
  m_StaticEditorFlags: 0
  m_IsActive: 1
--- !u!224 &778752624
RectTransform:
  m_ObjectHideFlags: 0
  m_CorrespondingSourceObject: {fileID: 224183871560327404, guid: 80d5722f22a14d74bb1ffb7b4329b32d,
    type: 2}
  m_PrefabInternal: {fileID: 0}
  m_GameObject: {fileID: 778752623}
  m_LocalRotation: {x: -0, y: -0, z: -0, w: 1}
  m_LocalPosition: {x: 0, y: 0, z: 0}
  m_LocalScale: {x: 1, y: 1, z: 1}
  m_Children: []
  m_Father: {fileID: 1890778079}
  m_RootOrder: 2
  m_LocalEulerAnglesHint: {x: 0, y: 0, z: 0}
  m_AnchorMin: {x: 0, y: 0}
  m_AnchorMax: {x: 0, y: 1}
  m_AnchoredPosition: {x: -100, y: -27}
  m_SizeDelta: {x: 404.71057, y: 161}
  m_Pivot: {x: 1, y: 0}
--- !u!114 &778752625
MonoBehaviour:
  m_ObjectHideFlags: 0
  m_CorrespondingSourceObject: {fileID: 0}
  m_PrefabInternal: {fileID: 0}
  m_GameObject: {fileID: 778752623}
  m_Enabled: 1
  m_EditorHideFlags: 0
  m_Script: {fileID: 1679637790, guid: f70555f144d8491a825f0804e09c671c, type: 3}
  m_Name: 
  m_EditorClassIdentifier: 
  m_IgnoreLayout: 1
  m_MinWidth: -1
  m_MinHeight: -1
  m_PreferredWidth: -1
  m_PreferredHeight: -1
  m_FlexibleWidth: -1
  m_FlexibleHeight: -1
  m_LayoutPriority: 1
--- !u!114 &778752626
MonoBehaviour:
  m_ObjectHideFlags: 0
  m_CorrespondingSourceObject: {fileID: 0}
  m_PrefabInternal: {fileID: 0}
  m_GameObject: {fileID: 778752623}
  m_Enabled: 1
  m_EditorHideFlags: 0
  m_Script: {fileID: -1254083943, guid: f70555f144d8491a825f0804e09c671c, type: 3}
  m_Name: 
  m_EditorClassIdentifier: 
  m_AspectMode: 2
  m_AspectRatio: 0.77679574
--- !u!114 &778752627
MonoBehaviour:
  m_ObjectHideFlags: 0
  m_CorrespondingSourceObject: {fileID: 114859759946108462, guid: 80d5722f22a14d74bb1ffb7b4329b32d,
    type: 2}
  m_PrefabInternal: {fileID: 0}
  m_GameObject: {fileID: 778752623}
  m_Enabled: 1
  m_EditorHideFlags: 0
  m_Script: {fileID: -765806418, guid: f70555f144d8491a825f0804e09c671c, type: 3}
  m_Name: 
  m_EditorClassIdentifier: 
  m_Material: {fileID: 0}
  m_Color: {r: 1, g: 1, b: 1, a: 1}
  m_RaycastTarget: 1
  m_OnCullStateChanged:
    m_PersistentCalls:
      m_Calls: []
    m_TypeName: UnityEngine.UI.MaskableGraphic+CullStateChangedEvent, UnityEngine.UI,
      Version=1.0.0.0, Culture=neutral, PublicKeyToken=null
  m_Sprite: {fileID: 21300000, guid: 2e7a9dd2dfc90994c98fea48cb7c03d8, type: 3}
  m_Type: 0
  m_PreserveAspect: 0
  m_FillCenter: 1
  m_FillMethod: 4
  m_FillAmount: 1
  m_FillClockwise: 1
  m_FillOrigin: 0
--- !u!222 &778752628
CanvasRenderer:
  m_ObjectHideFlags: 0
  m_CorrespondingSourceObject: {fileID: 222931140661985514, guid: 80d5722f22a14d74bb1ffb7b4329b32d,
    type: 2}
  m_PrefabInternal: {fileID: 0}
  m_GameObject: {fileID: 778752623}
  m_CullTransparentMesh: 0
--- !u!1 &984937934
GameObject:
  m_ObjectHideFlags: 0
  m_CorrespondingSourceObject: {fileID: 0}
  m_PrefabInternal: {fileID: 0}
  serializedVersion: 6
  m_Component:
  - component: {fileID: 984937935}
  - component: {fileID: 984937939}
  - component: {fileID: 984937938}
  - component: {fileID: 984937937}
  - component: {fileID: 984937936}
  m_Layer: 5
  m_Name: Arrow
  m_TagString: Untagged
  m_Icon: {fileID: 0}
  m_NavMeshLayer: 0
  m_StaticEditorFlags: 0
  m_IsActive: 1
--- !u!224 &984937935
RectTransform:
  m_ObjectHideFlags: 0
  m_CorrespondingSourceObject: {fileID: 0}
  m_PrefabInternal: {fileID: 0}
  m_GameObject: {fileID: 984937934}
  m_LocalRotation: {x: 0, y: 0, z: 1, w: 0}
  m_LocalPosition: {x: 0, y: 0, z: 0}
  m_LocalScale: {x: 1, y: 1, z: 1}
  m_Children: []
  m_Father: {fileID: 1219052330}
  m_RootOrder: 1
  m_LocalEulerAnglesHint: {x: 0, y: 0, z: 180}
  m_AnchorMin: {x: 0.5, y: 1}
  m_AnchorMax: {x: 0.5, y: 1}
  m_AnchoredPosition: {x: 0, y: -8}
  m_SizeDelta: {x: 92, y: 88}
  m_Pivot: {x: 0.5, y: 1}
--- !u!114 &984937936
MonoBehaviour:
  m_ObjectHideFlags: 0
  m_CorrespondingSourceObject: {fileID: 0}
  m_PrefabInternal: {fileID: 0}
  m_GameObject: {fileID: 984937934}
  m_Enabled: 1
  m_EditorHideFlags: 0
  m_Script: {fileID: 1679637790, guid: f70555f144d8491a825f0804e09c671c, type: 3}
  m_Name: 
  m_EditorClassIdentifier: 
  m_IgnoreLayout: 1
  m_MinWidth: -1
  m_MinHeight: -1
  m_PreferredWidth: -1
  m_PreferredHeight: -1
  m_FlexibleWidth: -1
  m_FlexibleHeight: -1
  m_LayoutPriority: 1
--- !u!114 &984937937
MonoBehaviour:
  m_ObjectHideFlags: 0
  m_CorrespondingSourceObject: {fileID: 0}
  m_PrefabInternal: {fileID: 0}
  m_GameObject: {fileID: 984937934}
  m_Enabled: 1
  m_EditorHideFlags: 0
  m_Script: {fileID: -1254083943, guid: f70555f144d8491a825f0804e09c671c, type: 3}
  m_Name: 
  m_EditorClassIdentifier: 
  m_AspectMode: 2
  m_AspectRatio: 1.0454545
--- !u!114 &984937938
MonoBehaviour:
  m_ObjectHideFlags: 0
  m_CorrespondingSourceObject: {fileID: 0}
  m_PrefabInternal: {fileID: 0}
  m_GameObject: {fileID: 984937934}
  m_Enabled: 1
  m_EditorHideFlags: 0
  m_Script: {fileID: -765806418, guid: f70555f144d8491a825f0804e09c671c, type: 3}
  m_Name: 
  m_EditorClassIdentifier: 
  m_Material: {fileID: 0}
  m_Color: {r: 1, g: 1, b: 1, a: 1}
  m_RaycastTarget: 1
  m_OnCullStateChanged:
    m_PersistentCalls:
      m_Calls: []
    m_TypeName: UnityEngine.UI.MaskableGraphic+CullStateChangedEvent, UnityEngine.UI,
      Version=1.0.0.0, Culture=neutral, PublicKeyToken=null
  m_Sprite: {fileID: 21300000, guid: d602884ca680ea14eb7c96dec83ea71d, type: 3}
  m_Type: 0
  m_PreserveAspect: 0
  m_FillCenter: 1
  m_FillMethod: 4
  m_FillAmount: 1
  m_FillClockwise: 1
  m_FillOrigin: 0
--- !u!222 &984937939
CanvasRenderer:
  m_ObjectHideFlags: 0
  m_CorrespondingSourceObject: {fileID: 0}
  m_PrefabInternal: {fileID: 0}
  m_GameObject: {fileID: 984937934}
  m_CullTransparentMesh: 0
--- !u!1 &1004412880
GameObject:
  m_ObjectHideFlags: 0
  m_CorrespondingSourceObject: {fileID: 0}
  m_PrefabInternal: {fileID: 0}
  serializedVersion: 6
  m_Component:
  - component: {fileID: 1004412881}
  - component: {fileID: 1004412885}
  - component: {fileID: 1004412884}
  - component: {fileID: 1004412883}
  - component: {fileID: 1004412882}
  m_Layer: 5
  m_Name: Arrow
  m_TagString: Untagged
  m_Icon: {fileID: 0}
  m_NavMeshLayer: 0
  m_StaticEditorFlags: 0
  m_IsActive: 1
--- !u!224 &1004412881
RectTransform:
  m_ObjectHideFlags: 0
  m_CorrespondingSourceObject: {fileID: 0}
  m_PrefabInternal: {fileID: 0}
  m_GameObject: {fileID: 1004412880}
  m_LocalRotation: {x: 0, y: 0, z: -0.7071068, w: 0.7071068}
  m_LocalPosition: {x: 0, y: 0, z: 0}
  m_LocalScale: {x: 1, y: 1, z: 1}
  m_Children: []
  m_Father: {fileID: 1890778079}
  m_RootOrder: 1
  m_LocalEulerAnglesHint: {x: 0, y: 0, z: -90}
  m_AnchorMin: {x: 0, y: 0.5}
  m_AnchorMax: {x: 0, y: 0.5}
  m_AnchoredPosition: {x: 10, y: 0}
  m_SizeDelta: {x: 92, y: 88}
  m_Pivot: {x: 0.5, y: 1}
--- !u!114 &1004412882
MonoBehaviour:
  m_ObjectHideFlags: 0
  m_CorrespondingSourceObject: {fileID: 0}
  m_PrefabInternal: {fileID: 0}
  m_GameObject: {fileID: 1004412880}
  m_Enabled: 1
  m_EditorHideFlags: 0
  m_Script: {fileID: 1679637790, guid: f70555f144d8491a825f0804e09c671c, type: 3}
  m_Name: 
  m_EditorClassIdentifier: 
  m_IgnoreLayout: 1
  m_MinWidth: -1
  m_MinHeight: -1
  m_PreferredWidth: -1
  m_PreferredHeight: -1
  m_FlexibleWidth: -1
  m_FlexibleHeight: -1
  m_LayoutPriority: 1
--- !u!114 &1004412883
MonoBehaviour:
  m_ObjectHideFlags: 0
  m_CorrespondingSourceObject: {fileID: 0}
  m_PrefabInternal: {fileID: 0}
  m_GameObject: {fileID: 1004412880}
  m_Enabled: 1
  m_EditorHideFlags: 0
  m_Script: {fileID: -1254083943, guid: f70555f144d8491a825f0804e09c671c, type: 3}
  m_Name: 
  m_EditorClassIdentifier: 
  m_AspectMode: 2
  m_AspectRatio: 1.0454545
--- !u!114 &1004412884
MonoBehaviour:
  m_ObjectHideFlags: 0
  m_CorrespondingSourceObject: {fileID: 0}
  m_PrefabInternal: {fileID: 0}
  m_GameObject: {fileID: 1004412880}
  m_Enabled: 1
  m_EditorHideFlags: 0
  m_Script: {fileID: -765806418, guid: f70555f144d8491a825f0804e09c671c, type: 3}
  m_Name: 
  m_EditorClassIdentifier: 
  m_Material: {fileID: 0}
  m_Color: {r: 1, g: 1, b: 1, a: 1}
  m_RaycastTarget: 1
  m_OnCullStateChanged:
    m_PersistentCalls:
      m_Calls: []
    m_TypeName: UnityEngine.UI.MaskableGraphic+CullStateChangedEvent, UnityEngine.UI,
      Version=1.0.0.0, Culture=neutral, PublicKeyToken=null
  m_Sprite: {fileID: 21300000, guid: d602884ca680ea14eb7c96dec83ea71d, type: 3}
  m_Type: 0
  m_PreserveAspect: 0
  m_FillCenter: 1
  m_FillMethod: 4
  m_FillAmount: 1
  m_FillClockwise: 1
  m_FillOrigin: 0
--- !u!222 &1004412885
CanvasRenderer:
  m_ObjectHideFlags: 0
  m_CorrespondingSourceObject: {fileID: 0}
  m_PrefabInternal: {fileID: 0}
  m_GameObject: {fileID: 1004412880}
  m_CullTransparentMesh: 0
--- !u!1 &1138235460
GameObject:
  m_ObjectHideFlags: 0
  m_CorrespondingSourceObject: {fileID: 1329193293317510, guid: 80d5722f22a14d74bb1ffb7b4329b32d,
    type: 2}
  m_PrefabInternal: {fileID: 0}
  serializedVersion: 6
  m_Component:
  - component: {fileID: 1138235461}
  - component: {fileID: 1138235465}
  - component: {fileID: 1138235464}
  - component: {fileID: 1138235463}
  - component: {fileID: 1138235462}
  m_Layer: 5
  m_Name: Portrait
  m_TagString: Untagged
  m_Icon: {fileID: 0}
  m_NavMeshLayer: 0
  m_StaticEditorFlags: 0
  m_IsActive: 1
--- !u!224 &1138235461
RectTransform:
  m_ObjectHideFlags: 0
  m_CorrespondingSourceObject: {fileID: 224183871560327404, guid: 80d5722f22a14d74bb1ffb7b4329b32d,
    type: 2}
  m_PrefabInternal: {fileID: 0}
  m_GameObject: {fileID: 1138235460}
  m_LocalRotation: {x: -0, y: -0, z: -0, w: 1}
  m_LocalPosition: {x: 0, y: 0, z: 0}
  m_LocalScale: {x: 1, y: 1, z: 1}
  m_Children: []
  m_Father: {fileID: 1219052330}
  m_RootOrder: 2
  m_LocalEulerAnglesHint: {x: 0, y: 0, z: 0}
  m_AnchorMin: {x: 0.5, y: 1}
  m_AnchorMax: {x: 0.5, y: 1}
  m_AnchoredPosition: {x: 0, y: 100.16}
  m_SizeDelta: {x: 473.0686, y: 609}
  m_Pivot: {x: 0.5, y: 0}
--- !u!114 &1138235462
MonoBehaviour:
  m_ObjectHideFlags: 0
  m_CorrespondingSourceObject: {fileID: 0}
  m_PrefabInternal: {fileID: 0}
  m_GameObject: {fileID: 1138235460}
  m_Enabled: 1
  m_EditorHideFlags: 0
  m_Script: {fileID: 1679637790, guid: f70555f144d8491a825f0804e09c671c, type: 3}
  m_Name: 
  m_EditorClassIdentifier: 
  m_IgnoreLayout: 1
  m_MinWidth: -1
  m_MinHeight: -1
  m_PreferredWidth: -1
  m_PreferredHeight: -1
  m_FlexibleWidth: -1
  m_FlexibleHeight: -1
  m_LayoutPriority: 1
--- !u!114 &1138235463
MonoBehaviour:
  m_ObjectHideFlags: 0
  m_CorrespondingSourceObject: {fileID: 0}
  m_PrefabInternal: {fileID: 0}
  m_GameObject: {fileID: 1138235460}
  m_Enabled: 1
  m_EditorHideFlags: 0
  m_Script: {fileID: -1254083943, guid: f70555f144d8491a825f0804e09c671c, type: 3}
  m_Name: 
  m_EditorClassIdentifier: 
  m_AspectMode: 2
  m_AspectRatio: 0.77679574
--- !u!114 &1138235464
MonoBehaviour:
  m_ObjectHideFlags: 0
  m_CorrespondingSourceObject: {fileID: 114859759946108462, guid: 80d5722f22a14d74bb1ffb7b4329b32d,
    type: 2}
  m_PrefabInternal: {fileID: 0}
  m_GameObject: {fileID: 1138235460}
  m_Enabled: 1
  m_EditorHideFlags: 0
  m_Script: {fileID: -765806418, guid: f70555f144d8491a825f0804e09c671c, type: 3}
  m_Name: 
  m_EditorClassIdentifier: 
  m_Material: {fileID: 0}
  m_Color: {r: 1, g: 1, b: 1, a: 1}
  m_RaycastTarget: 1
  m_OnCullStateChanged:
    m_PersistentCalls:
      m_Calls: []
    m_TypeName: UnityEngine.UI.MaskableGraphic+CullStateChangedEvent, UnityEngine.UI,
      Version=1.0.0.0, Culture=neutral, PublicKeyToken=null
  m_Sprite: {fileID: 21300000, guid: 2e7a9dd2dfc90994c98fea48cb7c03d8, type: 3}
  m_Type: 0
  m_PreserveAspect: 0
  m_FillCenter: 1
  m_FillMethod: 4
  m_FillAmount: 1
  m_FillClockwise: 1
  m_FillOrigin: 0
--- !u!222 &1138235465
CanvasRenderer:
  m_ObjectHideFlags: 0
  m_CorrespondingSourceObject: {fileID: 222931140661985514, guid: 80d5722f22a14d74bb1ffb7b4329b32d,
    type: 2}
  m_PrefabInternal: {fileID: 0}
  m_GameObject: {fileID: 1138235460}
  m_CullTransparentMesh: 0
--- !u!1 &1219052329
GameObject:
  m_ObjectHideFlags: 0
  m_CorrespondingSourceObject: {fileID: 1987102071572852, guid: 80d5722f22a14d74bb1ffb7b4329b32d,
    type: 2}
  m_PrefabInternal: {fileID: 0}
  serializedVersion: 6
  m_Component:
  - component: {fileID: 1219052330}
  - component: {fileID: 1219052334}
  - component: {fileID: 1219052333}
  - component: {fileID: 1219052332}
  - component: {fileID: 1219052331}
  m_Layer: 5
  m_Name: Bubble_p
  m_TagString: Untagged
  m_Icon: {fileID: 0}
  m_NavMeshLayer: 0
  m_StaticEditorFlags: 0
  m_IsActive: 1
--- !u!224 &1219052330
RectTransform:
  m_ObjectHideFlags: 0
  m_CorrespondingSourceObject: {fileID: 224105535416006808, guid: 80d5722f22a14d74bb1ffb7b4329b32d,
    type: 2}
  m_PrefabInternal: {fileID: 0}
  m_GameObject: {fileID: 1219052329}
  m_LocalRotation: {x: -0, y: -0, z: -0, w: 1}
  m_LocalPosition: {x: 0, y: 0, z: 0}
  m_LocalScale: {x: 1, y: 1, z: 1}
  m_Children:
  - {fileID: 1564443982}
  - {fileID: 984937935}
  - {fileID: 1138235461}
  m_Father: {fileID: 1269856321}
  m_RootOrder: 0
  m_LocalEulerAnglesHint: {x: 0, y: 0, z: 0}
  m_AnchorMin: {x: 0, y: 0}
  m_AnchorMax: {x: 1, y: 0}
  m_AnchoredPosition: {x: 0, y: 0}
  m_SizeDelta: {x: 0, y: 271.62665}
  m_Pivot: {x: 0.5, y: 1}
--- !u!114 &1219052331
MonoBehaviour:
  m_ObjectHideFlags: 0
  m_CorrespondingSourceObject: {fileID: 0}
  m_PrefabInternal: {fileID: 0}
  m_GameObject: {fileID: 1219052329}
  m_Enabled: 1
  m_EditorHideFlags: 0
  m_Script: {fileID: 1741964061, guid: f70555f144d8491a825f0804e09c671c, type: 3}
  m_Name: 
  m_EditorClassIdentifier: 
  m_HorizontalFit: 0
  m_VerticalFit: 2
--- !u!114 &1219052332
MonoBehaviour:
  m_ObjectHideFlags: 0
  m_CorrespondingSourceObject: {fileID: 0}
  m_PrefabInternal: {fileID: 0}
  m_GameObject: {fileID: 1219052329}
  m_Enabled: 1
  m_EditorHideFlags: 0
  m_Script: {fileID: 1297475563, guid: f70555f144d8491a825f0804e09c671c, type: 3}
  m_Name: 
  m_EditorClassIdentifier: 
  m_Padding:
    m_Left: 30
    m_Right: 30
    m_Top: 30
    m_Bottom: 30
  m_ChildAlignment: 4
  m_Spacing: 0
  m_ChildForceExpandWidth: 1
  m_ChildForceExpandHeight: 1
  m_ChildControlWidth: 1
  m_ChildControlHeight: 1
--- !u!114 &1219052333
MonoBehaviour:
  m_ObjectHideFlags: 0
  m_CorrespondingSourceObject: {fileID: 114297895035544776, guid: 80d5722f22a14d74bb1ffb7b4329b32d,
    type: 2}
  m_PrefabInternal: {fileID: 0}
  m_GameObject: {fileID: 1219052329}
  m_Enabled: 1
  m_EditorHideFlags: 0
  m_Script: {fileID: -765806418, guid: f70555f144d8491a825f0804e09c671c, type: 3}
  m_Name: 
  m_EditorClassIdentifier: 
  m_Material: {fileID: 0}
  m_Color: {r: 1, g: 1, b: 1, a: 1}
  m_RaycastTarget: 1
  m_OnCullStateChanged:
    m_PersistentCalls:
      m_Calls: []
    m_TypeName: UnityEngine.UI.MaskableGraphic+CullStateChangedEvent, UnityEngine.UI,
      Version=1.0.0.0, Culture=neutral, PublicKeyToken=null
  m_Sprite: {fileID: 21300000, guid: 632736d20df3b7a46bf5dd861be62512, type: 3}
  m_Type: 1
  m_PreserveAspect: 0
  m_FillCenter: 1
  m_FillMethod: 4
  m_FillAmount: 1
  m_FillClockwise: 1
  m_FillOrigin: 0
--- !u!222 &1219052334
CanvasRenderer:
  m_ObjectHideFlags: 0
  m_CorrespondingSourceObject: {fileID: 222584470085592098, guid: 80d5722f22a14d74bb1ffb7b4329b32d,
    type: 2}
  m_PrefabInternal: {fileID: 0}
  m_GameObject: {fileID: 1219052329}
  m_CullTransparentMesh: 0
--- !u!1 &1269856320
GameObject:
  m_ObjectHideFlags: 0
  m_CorrespondingSourceObject: {fileID: 1714037318951844, guid: 80d5722f22a14d74bb1ffb7b4329b32d,
    type: 2}
  m_PrefabInternal: {fileID: 0}
  serializedVersion: 6
  m_Component:
  - component: {fileID: 1269856321}
  m_Layer: 5
  m_Name: Hint_p
  m_TagString: Untagged
  m_Icon: {fileID: 0}
  m_NavMeshLayer: 0
  m_StaticEditorFlags: 0
  m_IsActive: 0
--- !u!224 &1269856321
RectTransform:
  m_ObjectHideFlags: 0
  m_CorrespondingSourceObject: {fileID: 224759926836950708, guid: 80d5722f22a14d74bb1ffb7b4329b32d,
    type: 2}
  m_PrefabInternal: {fileID: 0}
  m_GameObject: {fileID: 1269856320}
  m_LocalRotation: {x: -0, y: -0, z: -0, w: 1}
  m_LocalPosition: {x: 0, y: 0, z: 0}
  m_LocalScale: {x: 1, y: 1, z: 1}
  m_Children:
  - {fileID: 1219052330}
  m_Father: {fileID: 76911538}
  m_RootOrder: 0
  m_LocalEulerAnglesHint: {x: 0, y: 0, z: 0}
  m_AnchorMin: {x: 0, y: 1}
  m_AnchorMax: {x: 1, y: 0.5}
  m_AnchoredPosition: {x: -0.00024414062, y: -546}
  m_SizeDelta: {x: 237, y: 600}
  m_Pivot: {x: 0.5, y: 0.5}
--- !u!1 &1381328913
GameObject:
  m_ObjectHideFlags: 0
  m_CorrespondingSourceObject: {fileID: 1671643141580766, guid: 80d5722f22a14d74bb1ffb7b4329b32d,
    type: 2}
  m_PrefabInternal: {fileID: 0}
  serializedVersion: 6
  m_Component:
  - component: {fileID: 1381328914}
  - component: {fileID: 1381328919}
  - component: {fileID: 1381328918}
  - component: {fileID: 1381328917}
  - component: {fileID: 1381328916}
  - component: {fileID: 1381328915}
  m_Layer: 5
  m_Name: Text
  m_TagString: Untagged
  m_Icon: {fileID: 0}
  m_NavMeshLayer: 0
  m_StaticEditorFlags: 0
  m_IsActive: 1
--- !u!224 &1381328914
RectTransform:
  m_ObjectHideFlags: 0
  m_CorrespondingSourceObject: {fileID: 224599583649218826, guid: 80d5722f22a14d74bb1ffb7b4329b32d,
    type: 2}
  m_PrefabInternal: {fileID: 0}
  m_GameObject: {fileID: 1381328913}
  m_LocalRotation: {x: -0, y: -0, z: -0, w: 1}
  m_LocalPosition: {x: 0, y: 0, z: 0}
  m_LocalScale: {x: 1.0003626, y: 1.0003626, z: 1.0003626}
  m_Children: []
  m_Father: {fileID: 1890778079}
  m_RootOrder: 0
  m_LocalEulerAnglesHint: {x: 0, y: 0, z: 0}
  m_AnchorMin: {x: 0, y: 1}
  m_AnchorMax: {x: 0, y: 1}
  m_AnchoredPosition: {x: 662.03796, y: -180}
  m_SizeDelta: {x: 1264.0759, y: 300}
  m_Pivot: {x: 0.5, y: 0.5}
--- !u!114 &1381328915
MonoBehaviour:
  m_ObjectHideFlags: 0
  m_CorrespondingSourceObject: {fileID: 0}
  m_PrefabInternal: {fileID: 0}
  m_GameObject: {fileID: 1381328913}
  m_Enabled: 1
  m_EditorHideFlags: 0
  m_Script: {fileID: 1679637790, guid: f70555f144d8491a825f0804e09c671c, type: 3}
  m_Name: 
  m_EditorClassIdentifier: 
  m_IgnoreLayout: 0
  m_MinWidth: -1
  m_MinHeight: 300
  m_PreferredWidth: -1
  m_PreferredHeight: -1
  m_FlexibleWidth: -1
  m_FlexibleHeight: -1
  m_LayoutPriority: 1
--- !u!114 &1381328916
MonoBehaviour:
  m_ObjectHideFlags: 0
  m_CorrespondingSourceObject: {fileID: 114656726840649212, guid: 80d5722f22a14d74bb1ffb7b4329b32d,
    type: 2}
  m_PrefabInternal: {fileID: 0}
  m_GameObject: {fileID: 1381328913}
  m_Enabled: 1
  m_EditorHideFlags: 0
  m_Script: {fileID: 11500000, guid: b162f62744e6751469689f7325485049, type: 3}
  m_Name: 
  m_EditorClassIdentifier: 
  _textID: TUTOR_MATCH3_FIREWORKS
  _textComponent: {fileID: 1381328918}
--- !u!114 &1381328917
MonoBehaviour:
  m_ObjectHideFlags: 0
  m_CorrespondingSourceObject: {fileID: 114161752723969638, guid: 80d5722f22a14d74bb1ffb7b4329b32d,
    type: 2}
  m_PrefabInternal: {fileID: 0}
  m_GameObject: {fileID: 1381328913}
  m_Enabled: 1
  m_EditorHideFlags: 0
  m_Script: {fileID: 11500000, guid: 0496a6906804c25448300bde82f2b5cb, type: 3}
  m_Name: 
  m_EditorClassIdentifier: 
  _textPresenterComponent: {fileID: 1381328918}
--- !u!114 &1381328918
MonoBehaviour:
  m_ObjectHideFlags: 0
  m_CorrespondingSourceObject: {fileID: 114936019464855486, guid: 80d5722f22a14d74bb1ffb7b4329b32d,
    type: 2}
  m_PrefabInternal: {fileID: 0}
  m_GameObject: {fileID: 1381328913}
  m_Enabled: 1
  m_EditorHideFlags: 0
  m_Script: {fileID: 11500000, guid: 36150239826ae5e44a342d60270c4a4b, type: 3}
  m_Name: 
  m_EditorClassIdentifier: 
  m_Material: {fileID: 0}
  m_Color: {r: 0.5294118, g: 0.3803922, b: 0.19607845, a: 1}
  m_RaycastTarget: 0
  m_OnCullStateChanged:
    m_PersistentCalls:
      m_Calls: []
    m_TypeName: UnityEngine.UI.MaskableGraphic+CullStateChangedEvent, UnityEngine.UI,
      Version=1.0.0.0, Culture=neutral, PublicKeyToken=null
  m_FontData:
    m_Font: {fileID: 12800000, guid: c1e80577616e5044cba173d468b62dff, type: 3}
    m_FontSize: 74
    m_FontStyle: 0
    m_BestFit: 0
    m_MinSize: 6
    m_MaxSize: 80
    m_Alignment: 4
    m_AlignByGeometry: 0
    m_RichText: 1
    m_HorizontalOverflow: 0
    m_VerticalOverflow: 0
    m_LineSpacing: 1
  m_Text: "\u0421\u043E\u0431\u0438\u0440\u0430\u0439\u0442\u0435 \u043A\u043E\u043C\u0431\u0438\u043D\u0430\u0446\u0438\u0438
    \u0438\u0437 \u0444\u0438\u0448\u0435\u043A \u0432\u043C\u0435\u0441\u0442\u0435
    \u0441 <color=#008000ff>\u0444\u0435\u0439\u0435\u0440\u0432\u0435\u0440\u043A\u0430\u043C\u0438</color>,
    \u0447\u0442\u043E\u0431\u044B \u0430\u043A\u0442\u0438\u0432\u0438\u0440\u043E\u0432\u0430\u0442\u044C
    \u0438\u0445."
  _textChangedEvent:
    m_PersistentCalls:
      m_Calls: []
    m_TypeName: DreamTeam.Utils.UI.NotifyingText+TextChangedEvent, Assembly-CSharp,
      Version=0.0.0.0, Culture=neutral, PublicKeyToken=null
--- !u!222 &1381328919
CanvasRenderer:
  m_ObjectHideFlags: 0
  m_CorrespondingSourceObject: {fileID: 222677271271643652, guid: 80d5722f22a14d74bb1ffb7b4329b32d,
    type: 2}
  m_PrefabInternal: {fileID: 0}
  m_GameObject: {fileID: 1381328913}
  m_CullTransparentMesh: 0
--- !u!1 &1564443981
GameObject:
  m_ObjectHideFlags: 0
  m_CorrespondingSourceObject: {fileID: 1671643141580766, guid: 80d5722f22a14d74bb1ffb7b4329b32d,
    type: 2}
  m_PrefabInternal: {fileID: 0}
  serializedVersion: 6
  m_Component:
  - component: {fileID: 1564443982}
  - component: {fileID: 1564443987}
  - component: {fileID: 1564443986}
  - component: {fileID: 1564443985}
  - component: {fileID: 1564443984}
  - component: {fileID: 1564443983}
  m_Layer: 5
  m_Name: Text
  m_TagString: Untagged
  m_Icon: {fileID: 0}
  m_NavMeshLayer: 0
  m_StaticEditorFlags: 0
  m_IsActive: 1
--- !u!224 &1564443982
RectTransform:
  m_ObjectHideFlags: 0
  m_CorrespondingSourceObject: {fileID: 224599583649218826, guid: 80d5722f22a14d74bb1ffb7b4329b32d,
    type: 2}
  m_PrefabInternal: {fileID: 0}
  m_GameObject: {fileID: 1564443981}
  m_LocalRotation: {x: -0, y: -0, z: -0, w: 1}
  m_LocalPosition: {x: 0, y: 0, z: 0}
  m_LocalScale: {x: 1.0003626, y: 1.0003626, z: 1.0003626}
  m_Children: []
  m_Father: {fileID: 1219052330}
  m_RootOrder: 0
  m_LocalEulerAnglesHint: {x: 0, y: 0, z: 0}
  m_AnchorMin: {x: 0, y: 1}
  m_AnchorMax: {x: 0, y: 1}
  m_AnchoredPosition: {x: 502.5, y: -135.81332}
  m_SizeDelta: {x: 945, y: 211.62666}
  m_Pivot: {x: 0.5, y: 0.5}
--- !u!114 &1564443983
MonoBehaviour:
  m_ObjectHideFlags: 0
  m_CorrespondingSourceObject: {fileID: 0}
  m_PrefabInternal: {fileID: 0}
  m_GameObject: {fileID: 1564443981}
  m_Enabled: 1
  m_EditorHideFlags: 0
  m_Script: {fileID: 1679637790, guid: f70555f144d8491a825f0804e09c671c, type: 3}
  m_Name: 
  m_EditorClassIdentifier: 
  m_IgnoreLayout: 0
  m_MinWidth: -1
  m_MinHeight: 200
  m_PreferredWidth: -1
  m_PreferredHeight: -1
  m_FlexibleWidth: -1
  m_FlexibleHeight: -1
  m_LayoutPriority: 1
--- !u!114 &1564443984
MonoBehaviour:
  m_ObjectHideFlags: 0
  m_CorrespondingSourceObject: {fileID: 114656726840649212, guid: 80d5722f22a14d74bb1ffb7b4329b32d,
    type: 2}
  m_PrefabInternal: {fileID: 0}
  m_GameObject: {fileID: 1564443981}
  m_Enabled: 1
  m_EditorHideFlags: 0
  m_Script: {fileID: 11500000, guid: b162f62744e6751469689f7325485049, type: 3}
  m_Name: 
  m_EditorClassIdentifier: 
  _textID: TUTOR_MATCH3_FIREWORKS
  _textComponent: {fileID: 1564443986}
--- !u!114 &1564443985
MonoBehaviour:
  m_ObjectHideFlags: 0
  m_CorrespondingSourceObject: {fileID: 114161752723969638, guid: 80d5722f22a14d74bb1ffb7b4329b32d,
    type: 2}
  m_PrefabInternal: {fileID: 0}
  m_GameObject: {fileID: 1564443981}
  m_Enabled: 1
  m_EditorHideFlags: 0
  m_Script: {fileID: 11500000, guid: 0496a6906804c25448300bde82f2b5cb, type: 3}
  m_Name: 
  m_EditorClassIdentifier: 
  _textPresenterComponent: {fileID: 1564443986}
--- !u!114 &1564443986
MonoBehaviour:
  m_ObjectHideFlags: 0
  m_CorrespondingSourceObject: {fileID: 114936019464855486, guid: 80d5722f22a14d74bb1ffb7b4329b32d,
    type: 2}
  m_PrefabInternal: {fileID: 0}
  m_GameObject: {fileID: 1564443981}
  m_Enabled: 1
  m_EditorHideFlags: 0
  m_Script: {fileID: 11500000, guid: 36150239826ae5e44a342d60270c4a4b, type: 3}
  m_Name: 
  m_EditorClassIdentifier: 
  m_Material: {fileID: 0}
  m_Color: {r: 0.5294118, g: 0.3803922, b: 0.19607845, a: 1}
  m_RaycastTarget: 0
  m_OnCullStateChanged:
    m_PersistentCalls:
      m_Calls: []
    m_TypeName: UnityEngine.UI.MaskableGraphic+CullStateChangedEvent, UnityEngine.UI,
      Version=1.0.0.0, Culture=neutral, PublicKeyToken=null
  m_FontData:
    m_Font: {fileID: 12800000, guid: c1e80577616e5044cba173d468b62dff, type: 3}
    m_FontSize: 74
    m_FontStyle: 0
    m_BestFit: 0
    m_MinSize: 6
    m_MaxSize: 80
    m_Alignment: 4
    m_AlignByGeometry: 0
    m_RichText: 1
    m_HorizontalOverflow: 0
    m_VerticalOverflow: 0
    m_LineSpacing: 1
  m_Text: "\u0421\u043E\u0431\u0438\u0440\u0430\u0439\u0442\u0435 \u043A\u043E\u043C\u0431\u0438\u043D\u0430\u0446\u0438\u0438
    \u0438\u0437 \u0444\u0438\u0448\u0435\u043A \u0432\u043C\u0435\u0441\u0442\u0435
    \u0441 <color=#008000ff>\u0444\u0435\u0439\u0435\u0440\u0432\u0435\u0440\u043A\u0430\u043C\u0438</color>,
    \u0447\u0442\u043E\u0431\u044B \u0430\u043A\u0442\u0438\u0432\u0438\u0440\u043E\u0432\u0430\u0442\u044C
    \u0438\u0445."
  _textChangedEvent:
    m_PersistentCalls:
      m_Calls: []
    m_TypeName: DreamTeam.Utils.UI.NotifyingText+TextChangedEvent, Assembly-CSharp,
      Version=0.0.0.0, Culture=neutral, PublicKeyToken=null
--- !u!222 &1564443987
CanvasRenderer:
  m_ObjectHideFlags: 0
  m_CorrespondingSourceObject: {fileID: 222677271271643652, guid: 80d5722f22a14d74bb1ffb7b4329b32d,
    type: 2}
  m_PrefabInternal: {fileID: 0}
  m_GameObject: {fileID: 1564443981}
  m_CullTransparentMesh: 0
--- !u!1 &1659560773
GameObject:
  m_ObjectHideFlags: 0
  m_CorrespondingSourceObject: {fileID: 1154539623392846, guid: 80d5722f22a14d74bb1ffb7b4329b32d,
    type: 2}
  m_PrefabInternal: {fileID: 0}
  serializedVersion: 6
  m_Component:
  - component: {fileID: 1659560774}
  - component: {fileID: 1659560777}
  - component: {fileID: 1659560776}
  - component: {fileID: 1659560775}
  m_Layer: 5
  m_Name: HintFirework
  m_TagString: Untagged
  m_Icon: {fileID: 0}
  m_NavMeshLayer: 0
  m_StaticEditorFlags: 0
  m_IsActive: 1
--- !u!224 &1659560774
RectTransform:
  m_ObjectHideFlags: 0
  m_CorrespondingSourceObject: {fileID: 224059594851011488, guid: 80d5722f22a14d74bb1ffb7b4329b32d,
    type: 2}
  m_PrefabInternal: {fileID: 0}
  m_GameObject: {fileID: 1659560773}
  m_LocalRotation: {x: -0, y: -0, z: -0, w: 1}
  m_LocalPosition: {x: 0, y: 0, z: 0}
  m_LocalScale: {x: 1, y: 1, z: 1}
  m_Children:
  - {fileID: 76911538}
  m_Father: {fileID: 2013837353}
  m_RootOrder: 0
  m_LocalEulerAnglesHint: {x: 0, y: 0, z: 0}
  m_AnchorMin: {x: 0, y: 0.5}
  m_AnchorMax: {x: 1, y: 0.5}
  m_AnchoredPosition: {x: 0, y: 0}
  m_SizeDelta: {x: 0, y: 574}
  m_Pivot: {x: 0.5, y: 0.5}
--- !u!114 &1659560775
MonoBehaviour:
  m_ObjectHideFlags: 0
  m_CorrespondingSourceObject: {fileID: 114773575355493720, guid: 80d5722f22a14d74bb1ffb7b4329b32d,
    type: 2}
  m_PrefabInternal: {fileID: 0}
  m_GameObject: {fileID: 1659560773}
  m_Enabled: 1
  m_EditorHideFlags: 0
  m_Script: {fileID: 1301386320, guid: f70555f144d8491a825f0804e09c671c, type: 3}
  m_Name: 
  m_EditorClassIdentifier: 
  m_IgnoreReversedGraphics: 1
  m_BlockingObjects: 0
  m_BlockingMask:
    serializedVersion: 2
    m_Bits: 4294967295
--- !u!223 &1659560776
Canvas:
  m_ObjectHideFlags: 0
  m_CorrespondingSourceObject: {fileID: 223320099768047032, guid: 80d5722f22a14d74bb1ffb7b4329b32d,
    type: 2}
  m_PrefabInternal: {fileID: 0}
  m_GameObject: {fileID: 1659560773}
  m_Enabled: 1
  serializedVersion: 3
  m_RenderMode: 0
  m_Camera: {fileID: 0}
  m_PlaneDistance: 100
  m_PixelPerfect: 0
  m_ReceivesEvents: 1
  m_OverrideSorting: 1
  m_OverridePixelPerfect: 0
  m_SortingBucketNormalizedSize: 0
  m_AdditionalShaderChannelsFlag: 0
  m_SortingLayerID: -220618349
  m_SortingOrder: 0
  m_TargetDisplay: 0
--- !u!114 &1659560777
MonoBehaviour:
  m_ObjectHideFlags: 0
  m_CorrespondingSourceObject: {fileID: 114741187042557820, guid: 80d5722f22a14d74bb1ffb7b4329b32d,
    type: 2}
  m_PrefabInternal: {fileID: 0}
  m_GameObject: {fileID: 1659560773}
  m_Enabled: 1
  m_EditorHideFlags: 0
  m_Script: {fileID: 11500000, guid: ade6687af56543fd8af616ff1284c7b2, type: 3}
  m_Name: 
  m_EditorClassIdentifier: 
  _animation: {fileID: 76911540}
--- !u!1 &1737063710
GameObject:
  m_ObjectHideFlags: 0
  m_CorrespondingSourceObject: {fileID: 1636257915499964, guid: 6f1376a45248d4f83b028fe3fb073ed6,
    type: 2}
  m_PrefabInternal: {fileID: 0}
  serializedVersion: 6
  m_Component:
  - component: {fileID: 1737063716}
  - component: {fileID: 1737063715}
  - component: {fileID: 1737063713}
  - component: {fileID: 1737063711}
  - component: {fileID: 1737063712}
  m_Layer: 0
  m_Name: Cutscene
  m_TagString: Untagged
  m_Icon: {fileID: 0}
  m_NavMeshLayer: 0
  m_StaticEditorFlags: 0
  m_IsActive: 1
--- !u!114 &1737063711
MonoBehaviour:
  m_ObjectHideFlags: 0
  m_CorrespondingSourceObject: {fileID: 0}
  m_PrefabInternal: {fileID: 0}
  m_GameObject: {fileID: 1737063710}
  m_Enabled: 1
  m_EditorHideFlags: 0
  m_Script: {fileID: 11500000, guid: 2aa6433bf8ebd9b42887172d4a5bbb4f, type: 3}
  m_Name: 
  m_EditorClassIdentifier: 
  _hideAllPopupsBeforePlay: 1
--- !u!114 &1737063712
MonoBehaviour:
  m_ObjectHideFlags: 0
  m_CorrespondingSourceObject: {fileID: 0}
  m_PrefabInternal: {fileID: 0}
  m_GameObject: {fileID: 1737063710}
  m_Enabled: 1
  m_EditorHideFlags: 0
  m_Script: {fileID: 11500000, guid: c8f2157db675480085c773dc6817aa22, type: 3}
  m_Name: 
  m_EditorClassIdentifier: 
  _targetFps: 60
  _maxEvaluatesPerFrame: 3
--- !u!114 &1737063713
MonoBehaviour:
  m_ObjectHideFlags: 0
  m_CorrespondingSourceObject: {fileID: 114465871434896270, guid: 6f1376a45248d4f83b028fe3fb073ed6,
    type: 2}
  m_PrefabInternal: {fileID: 0}
  m_GameObject: {fileID: 1737063710}
  m_Enabled: 1
  m_EditorHideFlags: 0
  m_Script: {fileID: 11500000, guid: 605114edfcb0b36408bc9fa8ab1cae0f, type: 3}
  m_Name: 
  m_EditorClassIdentifier: 
--- !u!320 &1737063715
PlayableDirector:
  m_ObjectHideFlags: 0
  m_CorrespondingSourceObject: {fileID: 320559466752199986, guid: 6f1376a45248d4f83b028fe3fb073ed6,
    type: 2}
  m_PrefabInternal: {fileID: 0}
  m_GameObject: {fileID: 1737063710}
  m_Enabled: 1
  serializedVersion: 3
  m_PlayableAsset: {fileID: 11400000, guid: 9860336cfe5d740cfa9f77bc53128ed6, type: 2}
  m_InitialState: 0
  m_WrapMode: 2
  m_DirectorUpdateMode: 1
  m_InitialTime: 0
  m_SceneBindings:
  - key: {fileID: 0}
    value: {fileID: 1737063710}
  - key: {fileID: 0}
    value: {fileID: 0}
  - key: {fileID: 0}
    value: {fileID: 0}
  - key: {fileID: 0}
    value: {fileID: 0}
  - key: {fileID: 0}
    value: {fileID: 0}
  - key: {fileID: 0}
    value: {fileID: 0}
  - key: {fileID: 0}
    value: {fileID: 0}
  - key: {fileID: 0}
    value: {fileID: 0}
  - key: {fileID: 114679894318942112, guid: fba10746587c2464eb204857c1f0ab5c, type: 2}
    value: {fileID: 0}
  - key: {fileID: 0}
    value: {fileID: 0}
  - key: {fileID: 0}
    value: {fileID: 0}
  - key: {fileID: 0}
    value: {fileID: 0}
  - key: {fileID: 0}
    value: {fileID: 0}
  - key: {fileID: 0}
    value: {fileID: 0}
  - key: {fileID: 0}
    value: {fileID: 0}
  - key: {fileID: 0}
    value: {fileID: 0}
  - key: {fileID: 0}
    value: {fileID: 0}
  - key: {fileID: 114879633519538968, guid: fba10746587c2464eb204857c1f0ab5c, type: 2}
    value: {fileID: 0}
  - key: {fileID: 114648702622583882, guid: fba10746587c2464eb204857c1f0ab5c, type: 2}
    value: {fileID: 0}
  - key: {fileID: 114649128400860490, guid: fba10746587c2464eb204857c1f0ab5c, type: 2}
    value: {fileID: 0}
  - key: {fileID: 114198184511961658, guid: fba10746587c2464eb204857c1f0ab5c, type: 2}
    value: {fileID: 0}
  - key: {fileID: 114448093152993600, guid: fba10746587c2464eb204857c1f0ab5c, type: 2}
    value: {fileID: 0}
  - key: {fileID: 114884282128754336, guid: fba10746587c2464eb204857c1f0ab5c, type: 2}
    value: {fileID: 0}
  - key: {fileID: 114723593537662808, guid: fba10746587c2464eb204857c1f0ab5c, type: 2}
    value: {fileID: 0}
  - key: {fileID: 0}
    value: {fileID: 0}
  - key: {fileID: 0}
    value: {fileID: 0}
  - key: {fileID: 114739218743303812, guid: fba10746587c2464eb204857c1f0ab5c, type: 2}
    value: {fileID: 0}
  - key: {fileID: 0}
    value: {fileID: 0}
  - key: {fileID: 0}
    value: {fileID: 0}
  - key: {fileID: 0}
    value: {fileID: 0}
  - key: {fileID: 0}
    value: {fileID: 0}
  - key: {fileID: 0}
    value: {fileID: 0}
  - key: {fileID: 0}
    value: {fileID: 0}
  - key: {fileID: 114474375953733926, guid: fba10746587c2464eb204857c1f0ab5c, type: 2}
    value: {fileID: 0}
  - key: {fileID: 0}
    value: {fileID: 0}
  - key: {fileID: 0}
    value: {fileID: 0}
  - key: {fileID: 0}
    value: {fileID: 0}
  - key: {fileID: 0}
    value: {fileID: 0}
  - key: {fileID: 114301733178993712, guid: fba10746587c2464eb204857c1f0ab5c, type: 2}
    value: {fileID: 0}
  - key: {fileID: 0}
    value: {fileID: 0}
  - key: {fileID: 114867284532052384, guid: fba10746587c2464eb204857c1f0ab5c, type: 2}
    value: {fileID: 0}
  - key: {fileID: 114203276773765160, guid: fba10746587c2464eb204857c1f0ab5c, type: 2}
    value: {fileID: 0}
  - key: {fileID: 114178286092486860, guid: fba10746587c2464eb204857c1f0ab5c, type: 2}
    value: {fileID: 0}
  - key: {fileID: 0}
    value: {fileID: 0}
  - key: {fileID: 114612333566137004, guid: fba10746587c2464eb204857c1f0ab5c, type: 2}
    value: {fileID: 0}
  - key: {fileID: 0}
    value: {fileID: 0}
  - key: {fileID: 114859662900825102, guid: fba10746587c2464eb204857c1f0ab5c, type: 2}
    value: {fileID: 0}
  - key: {fileID: 114116315491870208, guid: fba10746587c2464eb204857c1f0ab5c, type: 2}
    value: {fileID: 0}
  - key: {fileID: 114878477734104246, guid: fba10746587c2464eb204857c1f0ab5c, type: 2}
    value: {fileID: 0}
  - key: {fileID: 0}
    value: {fileID: 0}
  - key: {fileID: 114288608820872478, guid: fba10746587c2464eb204857c1f0ab5c, type: 2}
    value: {fileID: 0}
  - key: {fileID: 114296549912972040, guid: fba10746587c2464eb204857c1f0ab5c, type: 2}
    value: {fileID: 0}
  - key: {fileID: 114576024199884266, guid: 3ba17c5bbc02e45448574746fee2ee57, type: 2}
    value: {fileID: 0}
  - key: {fileID: 114054427836748310, guid: 3ba17c5bbc02e45448574746fee2ee57, type: 2}
    value: {fileID: 0}
  - key: {fileID: 114583365826951648, guid: 3ba17c5bbc02e45448574746fee2ee57, type: 2}
    value: {fileID: 0}
  - key: {fileID: 114611946097835142, guid: 3ba17c5bbc02e45448574746fee2ee57, type: 2}
    value: {fileID: 0}
  - key: {fileID: 114604105180726280, guid: 3ba17c5bbc02e45448574746fee2ee57, type: 2}
    value: {fileID: 0}
  - key: {fileID: 114852429968242106, guid: 3ba17c5bbc02e45448574746fee2ee57, type: 2}
    value: {fileID: 0}
  - key: {fileID: 0}
    value: {fileID: 0}
  - key: {fileID: 114705651755962670, guid: 0acbda69c6f7e164abaf84e83595ef76, type: 2}
    value: {fileID: 0}
  - key: {fileID: 114010244601574218, guid: 0acbda69c6f7e164abaf84e83595ef76, type: 2}
    value: {fileID: 0}
  - key: {fileID: 114979830374216056, guid: 0acbda69c6f7e164abaf84e83595ef76, type: 2}
    value: {fileID: 0}
  - key: {fileID: 114318103150972982, guid: 0acbda69c6f7e164abaf84e83595ef76, type: 2}
    value: {fileID: 0}
  - key: {fileID: 114006825748265554, guid: 0acbda69c6f7e164abaf84e83595ef76, type: 2}
    value: {fileID: 0}
  - key: {fileID: 114210830695095756, guid: 0acbda69c6f7e164abaf84e83595ef76, type: 2}
    value: {fileID: 0}
  - key: {fileID: 114013955526402284, guid: 0acbda69c6f7e164abaf84e83595ef76, type: 2}
    value: {fileID: 0}
  - key: {fileID: 114270105250212704, guid: 0acbda69c6f7e164abaf84e83595ef76, type: 2}
    value: {fileID: 0}
  - key: {fileID: 114310265844903322, guid: 0acbda69c6f7e164abaf84e83595ef76, type: 2}
    value: {fileID: 0}
  - key: {fileID: 114324041755269626, guid: 0acbda69c6f7e164abaf84e83595ef76, type: 2}
    value: {fileID: 0}
  - key: {fileID: 114182181761442506, guid: 5f86f370eb200d342825ebdc581d78a5, type: 2}
    value: {fileID: 0}
  - key: {fileID: 114195232855783952, guid: 5f86f370eb200d342825ebdc581d78a5, type: 2}
    value: {fileID: 0}
  - key: {fileID: 114371103683672230, guid: 5f86f370eb200d342825ebdc581d78a5, type: 2}
    value: {fileID: 0}
  - key: {fileID: 114650119942521422, guid: 5f86f370eb200d342825ebdc581d78a5, type: 2}
    value: {fileID: 0}
  - key: {fileID: 114220288285481026, guid: 5f86f370eb200d342825ebdc581d78a5, type: 2}
    value: {fileID: 0}
  - key: {fileID: 114599053776431140, guid: 5f86f370eb200d342825ebdc581d78a5, type: 2}
    value: {fileID: 0}
  - key: {fileID: 114843866793427150, guid: 5f86f370eb200d342825ebdc581d78a5, type: 2}
    value: {fileID: 0}
  - key: {fileID: 114775799021909246, guid: 5f86f370eb200d342825ebdc581d78a5, type: 2}
    value: {fileID: 0}
  - key: {fileID: 114903929381395464, guid: 5f86f370eb200d342825ebdc581d78a5, type: 2}
    value: {fileID: 0}
  - key: {fileID: 114818299814343454, guid: 5f86f370eb200d342825ebdc581d78a5, type: 2}
    value: {fileID: 0}
  - key: {fileID: 114557409705144214, guid: 4bc81099252d7e546b3a5e7f33dd7308, type: 2}
    value: {fileID: 0}
  - key: {fileID: 114834984266442450, guid: 4bc81099252d7e546b3a5e7f33dd7308, type: 2}
    value: {fileID: 0}
  - key: {fileID: 114245003036623882, guid: 4bc81099252d7e546b3a5e7f33dd7308, type: 2}
    value: {fileID: 0}
  - key: {fileID: 114250174152738812, guid: 4bc81099252d7e546b3a5e7f33dd7308, type: 2}
    value: {fileID: 0}
  - key: {fileID: 114746044558366398, guid: 5fb9473e117cb5a4d9dbbfa66dacb671, type: 2}
    value: {fileID: 0}
  - key: {fileID: 114429700486831084, guid: 5fb9473e117cb5a4d9dbbfa66dacb671, type: 2}
    value: {fileID: 0}
  - key: {fileID: 114478815328852126, guid: 5fb9473e117cb5a4d9dbbfa66dacb671, type: 2}
    value: {fileID: 0}
  - key: {fileID: 114685941933265900, guid: 5fb9473e117cb5a4d9dbbfa66dacb671, type: 2}
    value: {fileID: 0}
  - key: {fileID: 114253878752045098, guid: 5fb9473e117cb5a4d9dbbfa66dacb671, type: 2}
    value: {fileID: 0}
  - key: {fileID: 114846582881145464, guid: 5fb9473e117cb5a4d9dbbfa66dacb671, type: 2}
    value: {fileID: 0}
  - key: {fileID: 114686448691877526, guid: 5fb9473e117cb5a4d9dbbfa66dacb671, type: 2}
    value: {fileID: 0}
  - key: {fileID: 114187020097836378, guid: 5fb9473e117cb5a4d9dbbfa66dacb671, type: 2}
    value: {fileID: 0}
  - key: {fileID: 114221808160771460, guid: 5fb9473e117cb5a4d9dbbfa66dacb671, type: 2}
    value: {fileID: 0}
  - key: {fileID: 114048225972575462, guid: 5fb9473e117cb5a4d9dbbfa66dacb671, type: 2}
    value: {fileID: 0}
  - key: {fileID: 114726471835783966, guid: 5fb9473e117cb5a4d9dbbfa66dacb671, type: 2}
    value: {fileID: 0}
  - key: {fileID: 114918676862472288, guid: 5fb9473e117cb5a4d9dbbfa66dacb671, type: 2}
    value: {fileID: 0}
  - key: {fileID: 114955206065589766, guid: 5fb9473e117cb5a4d9dbbfa66dacb671, type: 2}
    value: {fileID: 0}
  - key: {fileID: 114731172465094172, guid: 5fb9473e117cb5a4d9dbbfa66dacb671, type: 2}
    value: {fileID: 0}
  - key: {fileID: 114543507535984998, guid: 5fb9473e117cb5a4d9dbbfa66dacb671, type: 2}
    value: {fileID: 0}
  - key: {fileID: 114637705898930510, guid: 5fb9473e117cb5a4d9dbbfa66dacb671, type: 2}
    value: {fileID: 0}
  - key: {fileID: 0}
    value: {fileID: 0}
  - key: {fileID: 0}
    value: {fileID: 0}
  - key: {fileID: 0}
    value: {fileID: 0}
  - key: {fileID: 0}
    value: {fileID: 0}
  - key: {fileID: 0}
    value: {fileID: 0}
  - key: {fileID: 0}
    value: {fileID: 0}
  - key: {fileID: 0}
    value: {fileID: 0}
  - key: {fileID: 114208863296881102, guid: 39bb8c0a10ce06f4ea5eab7420467280, type: 2}
    value: {fileID: 0}
  - key: {fileID: 114075209763102440, guid: 39bb8c0a10ce06f4ea5eab7420467280, type: 2}
    value: {fileID: 0}
  - key: {fileID: 114559480585669448, guid: 39bb8c0a10ce06f4ea5eab7420467280, type: 2}
    value: {fileID: 0}
  - key: {fileID: 114407156645734896, guid: 39bb8c0a10ce06f4ea5eab7420467280, type: 2}
    value: {fileID: 0}
  - key: {fileID: 114827555458735926, guid: 39bb8c0a10ce06f4ea5eab7420467280, type: 2}
    value: {fileID: 0}
  - key: {fileID: 114412742500971902, guid: 39bb8c0a10ce06f4ea5eab7420467280, type: 2}
    value: {fileID: 0}
  - key: {fileID: 114849016674537756, guid: 39bb8c0a10ce06f4ea5eab7420467280, type: 2}
    value: {fileID: 0}
  - key: {fileID: 0}
    value: {fileID: 0}
  - key: {fileID: 0}
    value: {fileID: 0}
  - key: {fileID: 114054640493136392, guid: 383a61708fc3de648859151c3fc1dd12, type: 2}
    value: {fileID: 0}
  - key: {fileID: 114574732488520252, guid: 383a61708fc3de648859151c3fc1dd12, type: 2}
    value: {fileID: 0}
  - key: {fileID: 114574732488520252, guid: 074ac7d66f5574e40bc6d20363183f3b, type: 2}
    value: {fileID: 0}
  - key: {fileID: 114198053456478132, guid: 074ac7d66f5574e40bc6d20363183f3b, type: 2}
    value: {fileID: 0}
  - key: {fileID: 114750761258343094, guid: 074ac7d66f5574e40bc6d20363183f3b, type: 2}
    value: {fileID: 0}
  - key: {fileID: 114295300807645410, guid: 074ac7d66f5574e40bc6d20363183f3b, type: 2}
    value: {fileID: 0}
  - key: {fileID: 114797773090582574, guid: 074ac7d66f5574e40bc6d20363183f3b, type: 2}
    value: {fileID: 0}
  - key: {fileID: 114574732488520252, guid: b5b5316b4b049424ea72ab826243ddcb, type: 2}
    value: {fileID: 0}
  - key: {fileID: 114198053456478132, guid: b5b5316b4b049424ea72ab826243ddcb, type: 2}
    value: {fileID: 0}
  - key: {fileID: 114750761258343094, guid: b5b5316b4b049424ea72ab826243ddcb, type: 2}
    value: {fileID: 0}
  - key: {fileID: 114295300807645410, guid: b5b5316b4b049424ea72ab826243ddcb, type: 2}
    value: {fileID: 0}
  - key: {fileID: 114797773090582574, guid: b5b5316b4b049424ea72ab826243ddcb, type: 2}
    value: {fileID: 0}
  - key: {fileID: 114574732488520252, guid: 96a9a4fa79ee4cc4eb29a37182392c46, type: 2}
    value: {fileID: 0}
  - key: {fileID: 114574732488520252, guid: a36e727b89621ef4d843e7de8a0a41e8, type: 2}
    value: {fileID: 0}
  - key: {fileID: 114574732488520252, guid: cbcdb47e11d8a184bb66f26f34c0f978, type: 2}
    value: {fileID: 0}
  - key: {fileID: 114574732488520252, guid: 20f0a9929cb9d49d0a79a090c5522374, type: 2}
    value: {fileID: 0}
  - key: {fileID: 114574732488520252, guid: 9cea38dea6cfb4ab2bceb68a1c4e4c68, type: 2}
    value: {fileID: 0}
  - key: {fileID: 114574732488520252, guid: 2996c6136cb394524b840424fe4b8423, type: 2}
    value: {fileID: 0}
  - key: {fileID: 114574732488520252, guid: 21980d1278eba41d6851f5820d40db88, type: 2}
    value: {fileID: 0}
  - key: {fileID: 114574732488520252, guid: 83b6c9d293fd4479697b2f2e005b260a, type: 2}
    value: {fileID: 0}
  - key: {fileID: 114574732488520252, guid: 02b4b220c65c24c0a9688934a56bb004, type: 2}
    value: {fileID: 0}
  - key: {fileID: 114574732488520252, guid: b763106ebadf14518914d43d70c1a295, type: 2}
    value: {fileID: 0}
  - key: {fileID: 114574732488520252, guid: 86268e6a89983451385af983bf2cfff5, type: 2}
    value: {fileID: 0}
  - key: {fileID: 114574732488520252, guid: b69846c3bf4a148bca3318fb9537032b, type: 2}
    value: {fileID: 0}
  - key: {fileID: 114574732488520252, guid: db5708354cfe54ce997cfd8be3baaf0c, type: 2}
    value: {fileID: 0}
  - key: {fileID: 114574732488520252, guid: 62a1ec2a76ffd4e02a5c74d632f07941, type: 2}
    value: {fileID: 0}
  - key: {fileID: 114574732488520252, guid: a1eccae4535c94c9e944840c1c14ad62, type: 2}
    value: {fileID: 0}
  - key: {fileID: 114574732488520252, guid: 89a39bf50c22f4f958efc1a9c4b3f13c, type: 2}
    value: {fileID: 0}
  - key: {fileID: 114574732488520252, guid: 06695e7757fbb45a98a8b277003343bd, type: 2}
    value: {fileID: 0}
  - key: {fileID: 114574732488520252, guid: 46f48c3b409ca41f08ba2107de4764d9, type: 2}
    value: {fileID: 0}
  - key: {fileID: 114574732488520252, guid: 19e557d52efe34939b33c00c40c7b6db, type: 2}
    value: {fileID: 0}
  - key: {fileID: 114574732488520252, guid: 795b9c192db5e4261b15c638c68a74de, type: 2}
    value: {fileID: 0}
  - key: {fileID: 114574732488520252, guid: 10785703e07244ce38eb77fa6b9e914b, type: 2}
    value: {fileID: 0}
  - key: {fileID: 114574732488520252, guid: 9860336cfe5d740cfa9f77bc53128ed6, type: 2}
    value: {fileID: 0}
  m_ExposedReferences:
    m_References:
    - 97852a604abf0fb47a9fbb3e226ff298: {fileID: 0}
    - d57a7daf269dc874f893e4242171e07a: {fileID: 0}
    - aa569333c60809243986bee4677c128e: {fileID: 0}
    - a58a166dca7f95941ac3621f5310b36c: {fileID: 0}
    - baa084fe48cf36d4e85e11dabd38dc67: {fileID: 0}
    - ee473478092e80e479633fe789f72f1d: {fileID: 0}
    - 7c0753de4cdb6504db70bbd97a64de70: {fileID: 0}
    - d8ab10887078ff143a46c4df5655fcf4: {fileID: 0}
    - 1b8848da509ebcc43bb2bc8baa6eb697: {fileID: 0}
    - a48e07d141a1eb6489bdb197ffc52744: {fileID: 0}
    - 2e5749087ebbcd945b879cee64826230: {fileID: 0}
    - a7fa67cebb1c1a1428f16d66a943aa2e: {fileID: 1659560777}
    - 88794b7d89bde3e40be99a8251b202a7: {fileID: 0}
    - 2d759ac1dfc488442841563cb83cfad5: {fileID: 0}
    - f8f02b8853ae1e94fad514b5d2a6f410: {fileID: 0}
    - d32f1371826334144a8008a7e10165a5: {fileID: 0}
    - f9368d8e2340bd345880fabaa38d1e8c: {fileID: 0}
    - cc84535158e534b418e34264e409db94: {fileID: 0}
    - af7f6c7ce401d4e4694a637a449aa236: {fileID: 0}
    - 7576f6a7861d42b4abc271f2b0bfa090: {fileID: 0}
    - 0ad62f737dfc4394597d85c1921d1a15: {fileID: 0}
    - 97969a2326cf4a34b8907cc61c99b141: {fileID: 0}
    - 69d2dae3e019e674f91cf04026fd1d4a: {fileID: 0}
    - 7fa38c9d22ed5bf4a976d473540283e8: {fileID: 0}
    - e1d428bca2d5b0b46a065a430b6f2f42: {fileID: 0}
    - 55318db0165d1f449a8b07fb2f39ce0a: {fileID: 0}
    - bc968e88121873f479ca48f9017ef304: {fileID: 0}
    - cc5dcb644e209d04ab0a4a54ba95044b: {fileID: 0}
    - 5bad421f458da33458c86f342f7f831e: {fileID: 0}
    - 8dc615e94c747ce419db445a7d5b9256: {fileID: 0}
    - d55b4e5132e73c440bef2ccd32ec3399: {fileID: 0}
    - 7aee01dbc37af8d4f927794d6ff34001: {fileID: 0}
    - 93128bb4d9b330f4c9ce3d03f07a6630: {fileID: 0}
    - 46504b56abe4ff843a6db0f188055f03: {fileID: 0}
    - da936d3b5cdef07498e272c63c35de0d: {fileID: 0}
    - 04d39f3c3579a604e8ba3ee07e040766: {fileID: 0}
    - 7237fccdb3295cc4d833ef966c0d4601: {fileID: 0}
    - c79900ed0e5352949b1799c11f307cc8: {fileID: 0}
    - 38b4e54e0a807914ca5f2f88156dda74: {fileID: 0}
    - 4868c2cbd5b6ecb4d904114aab5c26c7: {fileID: 0}
    - 8e53c651decf2ac40bdeab80a8e8a7b4: {fileID: 0}
    - 258b57fb0b6685f4d9864b020ad6cd76: {fileID: 0}
    - 47d88f0540cebc2419e9164570813a2a: {fileID: 0}
    - 0e4284df1878f8545be340ac28254f2f: {fileID: 0}
    - 11f3c44e981d0354888e1df6302dea36: {fileID: 0}
    - 4b92a007180322545aa87467b7fba7d5: {fileID: 0}
    - 62700128685aa944e94772b3f6c65cb6: {fileID: 0}
    - 43dfa0e224193614eb7f786c9811577c: {fileID: 0}
    - 35c98163cc44a1b4bb79c54d06d42e0e: {fileID: 0}
    - d2936aebee14447448c65a0b65715711: {fileID: 0}
    - c728b25348407eb4bb7cae231030b780: {fileID: 0}
    - 92ed8e872c3aafd40b7f5249246368e3: {fileID: 0}
    - bb998b5d4f4fe45459cc253774e1e6b8: {fileID: 0}
    - 32955abfca0f43f47b31d1938da63194: {fileID: 0}
    - f6218ba7f928a084e816467621b340b3: {fileID: 0}
    - a952df810f1bd694e92d3c0a7e8f4369: {fileID: 0}
    - ef4e7b212c032ed4892e28a7996e5817: {fileID: 0}
    - 456d94de2022c6b468eb998eb4a6716c: {fileID: 0}
    - 64dccc7b1af06c04e9a7789af1f2ae5d: {fileID: 0}
    - 063cf94cad913c24c9b1daf905c9f80a: {fileID: 0}
    - 95c1098ea44acf046bdc01975aabfdad: {fileID: 0}
    - a3f55f38c697a4d4aa3710add33b151f: {fileID: 0}
    - 8cce4fd8eae5d66439f4e87ff3cfe0cb: {fileID: 0}
    - 1c9f59bbe1792aa438b0c3bcfbe51fb9: {fileID: 0}
    - c5467d19f2beaa94d96b424e90287164: {fileID: 0}
    - 5dab9a508cc95b14db8b410dd5e72555: {fileID: 0}
    - 47b0b5a744b6fee4b805fe08f8f56efb: {fileID: 0}
    - 02aa73cafe3ff69408dbe424a93997af: {fileID: 0}
    - fff26198f8702624ca3313afa5f26c8c: {fileID: 0}
    - b5281dd0e50a4a84d80094fcfa057425: {fileID: 0}
    - d05c759f15929fd44b88a8751c7c31bc: {fileID: 0}
    - d87163c2aa30b8643b2204e13f0ac662: {fileID: 0}
    - a41002980a0138e4f9c7486d054b944d: {fileID: 0}
    - 81ada4e7b1b0cfe46a675b6cdb81cceb: {fileID: 0}
--- !u!4 &1737063716
Transform:
  m_ObjectHideFlags: 0
  m_CorrespondingSourceObject: {fileID: 4070308373115616, guid: 6f1376a45248d4f83b028fe3fb073ed6,
    type: 2}
  m_PrefabInternal: {fileID: 0}
  m_GameObject: {fileID: 1737063710}
  m_LocalRotation: {x: 0, y: 0, z: 0, w: 1}
  m_LocalPosition: {x: 0, y: 0, z: 0}
  m_LocalScale: {x: 1, y: 1, z: 1}
  m_Children: []
  m_Father: {fileID: 402302031}
  m_RootOrder: 0
  m_LocalEulerAnglesHint: {x: 0, y: 0, z: 0}
--- !u!1 &1890778078
GameObject:
  m_ObjectHideFlags: 0
  m_CorrespondingSourceObject: {fileID: 1987102071572852, guid: 80d5722f22a14d74bb1ffb7b4329b32d,
    type: 2}
  m_PrefabInternal: {fileID: 0}
  serializedVersion: 6
  m_Component:
  - component: {fileID: 1890778079}
  - component: {fileID: 1890778083}
  - component: {fileID: 1890778082}
  - component: {fileID: 1890778081}
  - component: {fileID: 1890778080}
  m_Layer: 5
  m_Name: Bubble_l
  m_TagString: Untagged
  m_Icon: {fileID: 0}
  m_NavMeshLayer: 0
  m_StaticEditorFlags: 0
  m_IsActive: 1
--- !u!224 &1890778079
RectTransform:
  m_ObjectHideFlags: 0
  m_CorrespondingSourceObject: {fileID: 224105535416006808, guid: 80d5722f22a14d74bb1ffb7b4329b32d,
    type: 2}
  m_PrefabInternal: {fileID: 0}
  m_GameObject: {fileID: 1890778078}
  m_LocalRotation: {x: -0, y: -0, z: -0, w: 1}
  m_LocalPosition: {x: 0, y: 0, z: 0}
  m_LocalScale: {x: 1, y: 1, z: 1}
  m_Children:
  - {fileID: 1381328914}
  - {fileID: 1004412881}
  - {fileID: 778752624}
  m_Father: {fileID: 137602574}
  m_RootOrder: 0
  m_LocalEulerAnglesHint: {x: 0, y: 0, z: 0}
  m_AnchorMin: {x: 0, y: 0}
  m_AnchorMax: {x: 1, y: 0}
  m_AnchoredPosition: {x: 287.94995, y: -305}
  m_SizeDelta: {x: -338.8999, y: 360}
  m_Pivot: {x: 0.5, y: 0}
--- !u!114 &1890778080
MonoBehaviour:
  m_ObjectHideFlags: 0
  m_CorrespondingSourceObject: {fileID: 0}
  m_PrefabInternal: {fileID: 0}
  m_GameObject: {fileID: 1890778078}
  m_Enabled: 1
  m_EditorHideFlags: 0
  m_Script: {fileID: 1741964061, guid: f70555f144d8491a825f0804e09c671c, type: 3}
  m_Name: 
  m_EditorClassIdentifier: 
  m_HorizontalFit: 0
  m_VerticalFit: 2
--- !u!114 &1890778081
MonoBehaviour:
  m_ObjectHideFlags: 0
  m_CorrespondingSourceObject: {fileID: 0}
  m_PrefabInternal: {fileID: 0}
  m_GameObject: {fileID: 1890778078}
  m_Enabled: 1
  m_EditorHideFlags: 0
  m_Script: {fileID: 1297475563, guid: f70555f144d8491a825f0804e09c671c, type: 3}
  m_Name: 
  m_EditorClassIdentifier: 
  m_Padding:
    m_Left: 30
    m_Right: 30
    m_Top: 30
    m_Bottom: 30
  m_ChildAlignment: 4
  m_Spacing: 0
  m_ChildForceExpandWidth: 1
  m_ChildForceExpandHeight: 1
  m_ChildControlWidth: 1
  m_ChildControlHeight: 1
--- !u!114 &1890778082
MonoBehaviour:
  m_ObjectHideFlags: 0
  m_CorrespondingSourceObject: {fileID: 114297895035544776, guid: 80d5722f22a14d74bb1ffb7b4329b32d,
    type: 2}
  m_PrefabInternal: {fileID: 0}
  m_GameObject: {fileID: 1890778078}
  m_Enabled: 1
  m_EditorHideFlags: 0
  m_Script: {fileID: -765806418, guid: f70555f144d8491a825f0804e09c671c, type: 3}
  m_Name: 
  m_EditorClassIdentifier: 
  m_Material: {fileID: 0}
  m_Color: {r: 1, g: 1, b: 1, a: 1}
  m_RaycastTarget: 1
  m_OnCullStateChanged:
    m_PersistentCalls:
      m_Calls: []
    m_TypeName: UnityEngine.UI.MaskableGraphic+CullStateChangedEvent, UnityEngine.UI,
      Version=1.0.0.0, Culture=neutral, PublicKeyToken=null
  m_Sprite: {fileID: 21300000, guid: 632736d20df3b7a46bf5dd861be62512, type: 3}
  m_Type: 1
  m_PreserveAspect: 0
  m_FillCenter: 1
  m_FillMethod: 4
  m_FillAmount: 1
  m_FillClockwise: 1
  m_FillOrigin: 0
--- !u!222 &1890778083
CanvasRenderer:
  m_ObjectHideFlags: 0
  m_CorrespondingSourceObject: {fileID: 222584470085592098, guid: 80d5722f22a14d74bb1ffb7b4329b32d,
    type: 2}
  m_PrefabInternal: {fileID: 0}
  m_GameObject: {fileID: 1890778078}
  m_CullTransparentMesh: 0
--- !u!1 &1918743611
GameObject:
  m_ObjectHideFlags: 0
  m_CorrespondingSourceObject: {fileID: 0}
  m_PrefabInternal: {fileID: 0}
  serializedVersion: 6
  m_Component:
  - component: {fileID: 1918743613}
  - component: {fileID: 1918743612}
  m_Layer: 0
  m_Name: Loader
  m_TagString: Untagged
  m_Icon: {fileID: 0}
  m_NavMeshLayer: 0
  m_StaticEditorFlags: 0
  m_IsActive: 1
--- !u!114 &1918743612
MonoBehaviour:
  m_ObjectHideFlags: 0
  m_CorrespondingSourceObject: {fileID: 0}
  m_PrefabInternal: {fileID: 0}
  m_GameObject: {fileID: 1918743611}
  m_Enabled: 1
  m_EditorHideFlags: 0
  m_Script: {fileID: 11500000, guid: dea9bdf4d448beb45b569afdd83789b0, type: 3}
  m_Name: 
  m_EditorClassIdentifier: 
  _dependenciesData: {fileID: 11400000, guid: 95087614a28c3274b99fe61e854854c3, type: 2}
--- !u!4 &1918743613
Transform:
  m_ObjectHideFlags: 0
  m_CorrespondingSourceObject: {fileID: 0}
  m_PrefabInternal: {fileID: 0}
  m_GameObject: {fileID: 1918743611}
  m_LocalRotation: {x: 0, y: 0, z: 0, w: 1}
  m_LocalPosition: {x: 0, y: 0, z: 0}
  m_LocalScale: {x: 1, y: 1, z: 1}
  m_Children: []
  m_Father: {fileID: 0}
  m_RootOrder: 2
  m_LocalEulerAnglesHint: {x: 0, y: 0, z: 0}
--- !u!1001 &2013837351
Prefab:
  m_ObjectHideFlags: 0
  serializedVersion: 2
  m_Modification:
    m_TransformParent: {fileID: 402302031}
    m_Modifications:
    - target: {fileID: 4669704540349312, guid: e341822066f8f274c90bc08f7f4bdb60, type: 2}
      propertyPath: m_LocalPosition.x
      value: 0
      objectReference: {fileID: 0}
    - target: {fileID: 4669704540349312, guid: e341822066f8f274c90bc08f7f4bdb60, type: 2}
      propertyPath: m_LocalPosition.y
      value: 0
      objectReference: {fileID: 0}
    - target: {fileID: 4669704540349312, guid: e341822066f8f274c90bc08f7f4bdb60, type: 2}
      propertyPath: m_LocalPosition.z
      value: 0
      objectReference: {fileID: 0}
    - target: {fileID: 4669704540349312, guid: e341822066f8f274c90bc08f7f4bdb60, type: 2}
      propertyPath: m_LocalRotation.x
      value: 0
      objectReference: {fileID: 0}
    - target: {fileID: 4669704540349312, guid: e341822066f8f274c90bc08f7f4bdb60, type: 2}
      propertyPath: m_LocalRotation.y
      value: 0
      objectReference: {fileID: 0}
    - target: {fileID: 4669704540349312, guid: e341822066f8f274c90bc08f7f4bdb60, type: 2}
      propertyPath: m_LocalRotation.z
      value: 0
      objectReference: {fileID: 0}
    - target: {fileID: 4669704540349312, guid: e341822066f8f274c90bc08f7f4bdb60, type: 2}
      propertyPath: m_LocalRotation.w
      value: 1
      objectReference: {fileID: 0}
    - target: {fileID: 4669704540349312, guid: e341822066f8f274c90bc08f7f4bdb60, type: 2}
      propertyPath: m_RootOrder
      value: 1
      objectReference: {fileID: 0}
    - target: {fileID: 223632818149774488, guid: e341822066f8f274c90bc08f7f4bdb60,
        type: 2}
      propertyPath: m_Camera
      value: 
      objectReference: {fileID: 0}
    - target: {fileID: 114217489430338190, guid: e341822066f8f274c90bc08f7f4bdb60,
        type: 2}
      propertyPath: m_ReferenceResolution.x
      value: 1996.8
      objectReference: {fileID: 0}
    - target: {fileID: 114217489430338190, guid: e341822066f8f274c90bc08f7f4bdb60,
        type: 2}
      propertyPath: m_ReferenceResolution.y
      value: 2732
      objectReference: {fileID: 0}
    - target: {fileID: 114217489430338190, guid: e341822066f8f274c90bc08f7f4bdb60,
        type: 2}
      propertyPath: m_MatchWidthOrHeight
      value: 0
      objectReference: {fileID: 0}
    m_RemovedComponents: []
  m_SourcePrefab: {fileID: 100100000, guid: e341822066f8f274c90bc08f7f4bdb60, type: 2}
  m_IsPrefabAsset: 0
--- !u!4 &2013837352 stripped
Transform:
  m_CorrespondingSourceObject: {fileID: 4669704540349312, guid: e341822066f8f274c90bc08f7f4bdb60,
    type: 2}
  m_PrefabInternal: {fileID: 2013837351}
--- !u!224 &2013837353 stripped
RectTransform:
  m_CorrespondingSourceObject: {fileID: 224936479608217234, guid: e341822066f8f274c90bc08f7f4bdb60,
    type: 2}
  m_PrefabInternal: {fileID: 2013837351}
