%YAML 1.1
%TAG !u! tag:unity3d.com,2011:
--- !u!1001 &100100000
Prefab:
  m_ObjectHideFlags: 1
  serializedVersion: 2
  m_Modification:
    m_TransformParent: {fileID: 0}
    m_Modifications: []
    m_RemovedComponents: []
  m_SourcePrefab: {fileID: 0}
  m_RootGameObject: {fileID: 1733116059487118}
  m_IsPrefabAsset: 1
--- !u!1 &1733116059487118
GameObject:
  m_ObjectHideFlags: 0
  m_CorrespondingSourceObject: {fileID: 0}
  m_PrefabInternal: {fileID: 100100000}
  serializedVersion: 6
  m_Component:
  - component: {fileID: 4898195568183442}
  - component: {fileID: 114744072356721018}
  - component: {fileID: 114775543866743070}
  m_Layer: 0
  m_Name: PersistentCommandsExecutionSystem
  m_TagString: Untagged
  m_Icon: {fileID: 0}
  m_NavMeshLayer: 0
  m_StaticEditorFlags: 0
  m_IsActive: 1
--- !u!4 &4898195568183442
Transform:
  m_ObjectHideFlags: 1
  m_CorrespondingSourceObject: {fileID: 0}
  m_PrefabInternal: {fileID: 100100000}
  m_GameObject: {fileID: 1733116059487118}
  m_LocalRotation: {x: 0, y: 0, z: 0, w: 1}
  m_LocalPosition: {x: 7.5370564, y: -0.19306448, z: -1.203125}
  m_LocalScale: {x: 1, y: 1, z: 1}
  m_Children: []
  m_Father: {fileID: 0}
  m_RootOrder: 0
  m_LocalEulerAnglesHint: {x: 0, y: 0, z: 0}
--- !u!114 &114744072356721018
MonoBehaviour:
  m_ObjectHideFlags: 1
  m_CorrespondingSourceObject: {fileID: 0}
  m_PrefabInternal: {fileID: 100100000}
  m_GameObject: {fileID: 1733116059487118}
  m_Enabled: 1
  m_EditorHideFlags: 0
  m_Script: {fileID: 11500000, guid: a6d777c35b69ac84b8eca4151ce2e831, type: 3}
  m_Name: 
  m_EditorClassIdentifier: 
--- !u!114 &114775543866743070
MonoBehaviour:
  m_ObjectHideFlags: 1
  m_CorrespondingSourceObject: {fileID: 0}
  m_PrefabInternal: {fileID: 100100000}
  m_GameObject: {fileID: 1733116059487118}
  m_Enabled: 1
  m_EditorHideFlags: 0
  m_Script: {fileID: 11500000, guid: 4bc34434026bbab42977c3690af61f2d, type: 3}
  m_Name: 
  m_EditorClassIdentifier: 
  _defaultType:
    _serializedType: 
  _keyTypesMap:
    _serializedKeys:
    - SpendCountedItem
    - SpendLives
    - GiveRewardsCollection
    _serializedValues:
    - _serializedType: DreamTeam.PersistentCommands.CountedItems.SpendCountedItemCommand,
        Assembly-CSharp, Version=0.0.0.0, Culture=neutral, PublicKeyToken=null
    - _serializedType: DreamTeam.PersistentCommands.CountedItems.SpendLivesCommand,
        Assembly-CSharp, Version=0.0.0.0, Culture=neutral, PublicKeyToken=null
    - _serializedType: DreamTeam.PersistentCommands.Rewards.GiveRewardsCollectionCommand,
        Assembly-CSharp, Version=0.0.0.0, Culture=neutral, PublicKeyToken=null
