%YAML 1.1
%TAG !u! tag:unity3d.com,2011:
--- !u!114 &11400000
MonoBehaviour:
  m_ObjectHideFlags: 0
  m_CorrespondingSourceObject: {fileID: 0}
  m_PrefabInternal: {fileID: 0}
  m_GameObject: {fileID: 0}
  m_Enabled: 1
  m_EditorHideFlags: 0
  m_Script: {fileID: 337831424, guid: 6a10b2909283487f913b00d94cd3faf5, type: 3}
  m_Name: Match3Tutorial_2_IntroduceChipPetard
  m_EditorClassIdentifier: 
  m_NextId: 0
  m_Tracks:
  - {fileID: 114574732488520252}
  m_FixedDuration: 0
  m_EditorSettings:
    m_Framerate: 60
  m_DurationMode: 0
  m_Version: 0
--- !u!114 &114136221775272350
MonoBehaviour:
  m_ObjectHideFlags: 1
  m_CorrespondingSourceObject: {fileID: 0}
  m_PrefabInternal: {fileID: 0}
  m_GameObject: {fileID: 0}
  m_Enabled: 1
  m_EditorHideFlags: 0
  m_Script: {fileID: 11500000, guid: f8c8aaa8705542bca8e0457da92af8aa, type: 3}
  m_Name: WaitGestureClipAsset
  m_EditorClassIdentifier: 
  _waitingObjectIds:
  - Match3.UI.Tutorial.ExclusiveTap
  _additionalInputTargetObjectIds: []
  _pointerPresenterMirrorId: 
  _hint:
    exposedName: 4ff3470b8dc72e448a7ef3fb665295de
    defaultValue: {fileID: 0}
  _hintTopBottomMode: 0
  _hintBottom:
    exposedName: 
    defaultValue: {fileID: 0}
  _isHighlightEnabled: 1
  _haveObjectsToHighlight: 0
  _highlightedObjectIds: []
  _haveCutoutsToHighlight: 0
  _cutouts: []
--- !u!114 &114512843511695416
MonoBehaviour:
  m_ObjectHideFlags: 1
  m_CorrespondingSourceObject: {fileID: 0}
  m_PrefabInternal: {fileID: 0}
  m_GameObject: {fileID: 0}
  m_Enabled: 1
  m_EditorHideFlags: 0
  m_Script: {fileID: 11500000, guid: 5e4932afc76b3cc4fb6c577fbd19abfd, type: 3}
  m_Name: WaitForActivationMoveClipAsset
  m_EditorClassIdentifier: 
  _pointerPresenterMirrorId: 
  _hint:
    exposedName: 00d76db958bd7294dbf1079145e2810d
    defaultValue: {fileID: 0}
  _hintTopBottomMode: 0
  _hintBottom:
    exposedName: 
    defaultValue: {fileID: 0}
  _isHighlightEnabled: 1
  _mode: 0
  _activationCellCoordinate: {x: 7, y: 0}
  _activationChipTag: {fileID: 0}
  _highlightingCellsCoordinates:
  - {x: 7, y: 0}
--- !u!114 &114574732488520252
MonoBehaviour:
  m_ObjectHideFlags: 1
  m_CorrespondingSourceObject: {fileID: 0}
  m_PrefabInternal: {fileID: 0}
  m_GameObject: {fileID: 0}
  m_Enabled: 1
  m_EditorHideFlags: 0
  m_Script: {fileID: 11500000, guid: fd57838748068a7439662d56d2ee6069, type: 3}
  m_Name: Tutorial Track
  m_EditorClassIdentifier: 
  m_Locked: 0
  m_Muted: 0
  m_CustomPlayableFullTypename: 
  m_AnimClip: {fileID: 0}
  m_Parent: {fileID: 11400000}
  m_Children: []
  m_Clips:
  - m_Start: 0.1
    m_ClipIn: 0
    m_Asset: {fileID: 114810134775419932}
    m_Duration: 2
    m_TimeScale: 1
    m_ParentTrack: {fileID: 114574732488520252}
    m_EaseInDuration: 0
    m_EaseOutDuration: 0
    m_BlendInDuration: 0
    m_BlendOutDuration: 0
    m_MixInCurve:
      serializedVersion: 2
      m_Curve:
      - serializedVersion: 3
        time: 0
        value: 0
        inSlope: 0
        outSlope: 0
        tangentMode: 0
        weightedMode: 0
        inWeight: 0
        outWeight: 0
      - serializedVersion: 3
        time: 1
        value: 1
        inSlope: 0
        outSlope: 0
        tangentMode: 0
        weightedMode: 0
        inWeight: 0
        outWeight: 0
      m_PreInfinity: 2
      m_PostInfinity: 2
      m_RotationOrder: 4
    m_MixOutCurve:
      serializedVersion: 2
      m_Curve:
      - serializedVersion: 3
        time: 0
        value: 1
        inSlope: 0
        outSlope: 0
        tangentMode: 0
        weightedMode: 0
        inWeight: 0
        outWeight: 0
      - serializedVersion: 3
        time: 1
        value: 0
        inSlope: 0
        outSlope: 0
        tangentMode: 0
        weightedMode: 0
        inWeight: 0
        outWeight: 0
      m_PreInfinity: 2
      m_PostInfinity: 2
      m_RotationOrder: 4
    m_BlendInCurveMode: 0
    m_BlendOutCurveMode: 0
    m_ExposedParameterNames: []
    m_AnimationCurves: {fileID: 0}
    m_Recordable: 0
    m_PostExtrapolationMode: 0
    m_PreExtrapolationMode: 0
    m_PostExtrapolationTime: 0
    m_PreExtrapolationTime: 0
    m_DisplayName: CreatePetard
    m_Version: 1
  - m_Start: 2.0999999999999988
    m_ClipIn: 0
    m_Asset: {fileID: 114862585763694084}
    m_Duration: 2
    m_TimeScale: 1
    m_ParentTrack: {fileID: 114574732488520252}
    m_EaseInDuration: 0
    m_EaseOutDuration: 0
    m_BlendInDuration: 0
    m_BlendOutDuration: 0
    m_MixInCurve:
      serializedVersion: 2
      m_Curve:
      - serializedVersion: 3
        time: 0
        value: 0
        inSlope: 0
        outSlope: 0
        tangentMode: 0
        weightedMode: 0
        inWeight: 0
        outWeight: 0
      - serializedVersion: 3
        time: 1
        value: 1
        inSlope: 0
        outSlope: 0
        tangentMode: 0
        weightedMode: 0
        inWeight: 0
        outWeight: 0
      m_PreInfinity: 2
      m_PostInfinity: 2
      m_RotationOrder: 4
    m_MixOutCurve:
      serializedVersion: 2
      m_Curve:
      - serializedVersion: 3
        time: 0
        value: 1
        inSlope: 0
        outSlope: 0
        tangentMode: 0
        weightedMode: 0
        inWeight: 0
        outWeight: 0
      - serializedVersion: 3
        time: 1
        value: 0
        inSlope: 0
        outSlope: 0
        tangentMode: 0
        weightedMode: 0
        inWeight: 0
        outWeight: 0
      m_PreInfinity: 2
      m_PostInfinity: 2
      m_RotationOrder: 4
    m_BlendInCurveMode: 0
    m_BlendOutCurveMode: 0
    m_ExposedParameterNames: []
    m_AnimationCurves: {fileID: 0}
    m_Recordable: 0
    m_PostExtrapolationMode: 0
    m_PreExtrapolationMode: 0
    m_PostExtrapolationTime: 0
    m_PreExtrapolationTime: 0
    m_DisplayName: SwapPetardWithChipToActivate
    m_Version: 1
  - m_Start: 4.099999999999998
    m_ClipIn: 0
    m_Asset: {fileID: 114818030736261814}
    m_Duration: 2
    m_TimeScale: 1
    m_ParentTrack: {fileID: 114574732488520252}
    m_EaseInDuration: 0
    m_EaseOutDuration: 0
    m_BlendInDuration: 0
    m_BlendOutDuration: 0
    m_MixInCurve:
      serializedVersion: 2
      m_Curve:
      - serializedVersion: 3
        time: 0
        value: 0
        inSlope: 0
        outSlope: 0
        tangentMode: 0
        weightedMode: 0
        inWeight: 0
        outWeight: 0
      - serializedVersion: 3
        time: 1
        value: 1
        inSlope: 0
        outSlope: 0
        tangentMode: 0
        weightedMode: 0
        inWeight: 0
        outWeight: 0
      m_PreInfinity: 2
      m_PostInfinity: 2
      m_RotationOrder: 4
    m_MixOutCurve:
      serializedVersion: 2
      m_Curve:
      - serializedVersion: 3
        time: 0
        value: 1
        inSlope: 0
        outSlope: 0
        tangentMode: 0
        weightedMode: 0
        inWeight: 0
        outWeight: 0
      - serializedVersion: 3
        time: 1
        value: 0
        inSlope: 0
        outSlope: 0
        tangentMode: 0
        weightedMode: 0
        inWeight: 0
        outWeight: 0
      m_PreInfinity: 2
      m_PostInfinity: 2
      m_RotationOrder: 4
    m_BlendInCurveMode: 0
    m_BlendOutCurveMode: 0
    m_ExposedParameterNames: []
    m_AnimationCurves: {fileID: 0}
    m_Recordable: 0
    m_PostExtrapolationMode: 0
    m_PreExtrapolationMode: 0
    m_PostExtrapolationTime: 0
    m_PreExtrapolationTime: 0
    m_DisplayName: CreatePetardBySquareMatch
    m_Version: 1
  - m_Start: 6.1
    m_ClipIn: 0
    m_Asset: {fileID: 114512843511695416}
    m_Duration: 2
    m_TimeScale: 1
    m_ParentTrack: {fileID: 114574732488520252}
    m_EaseInDuration: 0
    m_EaseOutDuration: 0
    m_BlendInDuration: 0
    m_BlendOutDuration: 0
    m_MixInCurve:
      serializedVersion: 2
      m_Curve:
      - serializedVersion: 3
        time: 0
        value: 0
        inSlope: 0
        outSlope: 0
        tangentMode: 0
        weightedMode: 0
        inWeight: 0
        outWeight: 0
      - serializedVersion: 3
        time: 1
        value: 1
        inSlope: 0
        outSlope: 0
        tangentMode: 0
        weightedMode: 0
        inWeight: 0
        outWeight: 0
      m_PreInfinity: 2
      m_PostInfinity: 2
      m_RotationOrder: 4
    m_MixOutCurve:
      serializedVersion: 2
      m_Curve:
      - serializedVersion: 3
        time: 0
        value: 1
        inSlope: 0
        outSlope: 0
        tangentMode: 0
        weightedMode: 0
        inWeight: 0
        outWeight: 0
      - serializedVersion: 3
        time: 1
        value: 0
        inSlope: 0
        outSlope: 0
        tangentMode: 0
        weightedMode: 0
        inWeight: 0
        outWeight: 0
      m_PreInfinity: 2
      m_PostInfinity: 2
      m_RotationOrder: 4
    m_BlendInCurveMode: 0
    m_BlendOutCurveMode: 0
    m_ExposedParameterNames: []
    m_AnimationCurves: {fileID: 0}
    m_Recordable: 0
    m_PostExtrapolationMode: 0
    m_PreExtrapolationMode: 0
    m_PostExtrapolationTime: 0
    m_PreExtrapolationTime: 0
    m_DisplayName: WaitForActivationMoveClipAsset
    m_Version: 1
  - m_Start: 8.100000000000003
    m_ClipIn: 0
    m_Asset: {fileID: 114136221775272350}
    m_Duration: 0.016666666666667496
    m_TimeScale: 1
    m_ParentTrack: {fileID: 114574732488520252}
    m_EaseInDuration: 0
    m_EaseOutDuration: 0
    m_BlendInDuration: 0
    m_BlendOutDuration: 0
    m_MixInCurve:
      serializedVersion: 2
      m_Curve:
      - serializedVersion: 3
        time: 0
        value: 0
        inSlope: 0
        outSlope: 0
        tangentMode: 0
        weightedMode: 0
        inWeight: 0
        outWeight: 0
      - serializedVersion: 3
        time: 1
        value: 1
        inSlope: 0
        outSlope: 0
        tangentMode: 0
        weightedMode: 0
        inWeight: 0
        outWeight: 0
      m_PreInfinity: 2
      m_PostInfinity: 2
      m_RotationOrder: 4
    m_MixOutCurve:
      serializedVersion: 2
      m_Curve:
      - serializedVersion: 3
        time: 0
        value: 1
        inSlope: 0
        outSlope: 0
        tangentMode: 0
        weightedMode: 0
        inWeight: 0
        outWeight: 0
      - serializedVersion: 3
        time: 1
        value: 0
        inSlope: 0
        outSlope: 0
        tangentMode: 0
        weightedMode: 0
        inWeight: 0
        outWeight: 0
      m_PreInfinity: 2
      m_PostInfinity: 2
      m_RotationOrder: 4
    m_BlendInCurveMode: 0
    m_BlendOutCurveMode: 0
    m_ExposedParameterNames: []
    m_AnimationCurves: {fileID: 0}
    m_Recordable: 0
    m_PostExtrapolationMode: 0
    m_PreExtrapolationMode: 0
    m_PostExtrapolationTime: 0
    m_PreExtrapolationTime: 0
    m_DisplayName: FinishLevelPhrase
    m_Version: 1
  - m_Start: 0
    m_ClipIn: 0
    m_Asset: {fileID: 114651995944059614}
    m_Duration: 0.1
    m_TimeScale: 1
    m_ParentTrack: {fileID: 114574732488520252}
    m_EaseInDuration: 0
    m_EaseOutDuration: 0
    m_BlendInDuration: 0
    m_BlendOutDuration: 0
    m_MixInCurve:
      serializedVersion: 2
      m_Curve:
      - serializedVersion: 3
        time: 0
        value: 0
        inSlope: 0
        outSlope: 0
        tangentMode: 0
        weightedMode: 0
        inWeight: 0
        outWeight: 0
      - serializedVersion: 3
        time: 1
        value: 1
        inSlope: 0
        outSlope: 0
        tangentMode: 0
        weightedMode: 0
        inWeight: 0
        outWeight: 0
      m_PreInfinity: 2
      m_PostInfinity: 2
      m_RotationOrder: 4
    m_MixOutCurve:
      serializedVersion: 2
      m_Curve:
      - serializedVersion: 3
        time: 0
        value: 1
        inSlope: 0
        outSlope: 0
        tangentMode: 0
        weightedMode: 0
        inWeight: 0
        outWeight: 0
      - serializedVersion: 3
        time: 1
        value: 0
        inSlope: 0
        outSlope: 0
        tangentMode: 0
        weightedMode: 0
        inWeight: 0
        outWeight: 0
      m_PreInfinity: 2
      m_PostInfinity: 2
      m_RotationOrder: 4
    m_BlendInCurveMode: 0
    m_BlendOutCurveMode: 0
    m_ExposedParameterNames: []
    m_AnimationCurves: {fileID: 0}
    m_Recordable: 0
    m_PostExtrapolationMode: 0
    m_PreExtrapolationMode: 0
    m_PostExtrapolationTime: 0
    m_PreExtrapolationTime: 0
    m_DisplayName: WaitForFieldStabilized
    m_Version: 1
  m_Version: 1
  _sortingLayer: 505215119
--- !u!114 &114651995944059614
MonoBehaviour:
  m_ObjectHideFlags: 1
  m_CorrespondingSourceObject: {fileID: 0}
  m_PrefabInternal: {fileID: 0}
  m_GameObject: {fileID: 0}
  m_Enabled: 1
  m_EditorHideFlags: 0
  m_Script: {fileID: 11500000, guid: e666e578a4f6a4d019d60ed11d9caf87, type: 3}
  m_Name: WaitForFieldStabilizedClipAsset
  m_EditorClassIdentifier: 
--- !u!114 &114810134775419932
MonoBehaviour:
  m_ObjectHideFlags: 1
  m_CorrespondingSourceObject: {fileID: 0}
  m_PrefabInternal: {fileID: 0}
  m_GameObject: {fileID: 0}
  m_Enabled: 1
  m_EditorHideFlags: 0
  m_Script: {fileID: 11500000, guid: 8353d4da43407ed4fa009940f7f458b4, type: 3}
  m_Name: WaitForMoveClipAsset
  m_EditorClassIdentifier: 
  _pointerPresenterMirrorId: 
  _hint:
    exposedName: eea62f9f4bc635e40a2a0be0881908e0
    defaultValue: {fileID: 0}
  _hintTopBottomMode: 0
  _hintBottom:
    exposedName: 
    defaultValue: {fileID: 0}
  _isHighlightEnabled: 1
  _moveCellsCoordinates:
  - {x: 5, y: 3}
  - {x: 4, y: 3}
  _highlightingCellsCoordinates:
  - {x: 4, y: 2}
  - {x: 4, y: 3}
  - {x: 4, y: 4}
  - {x: 4, y: 5}
  - {x: 5, y: 3}
  _highlightChipTag: {fileID: 0}
--- !u!114 &114818030736261814
MonoBehaviour:
  m_ObjectHideFlags: 1
  m_CorrespondingSourceObject: {fileID: 0}
  m_PrefabInternal: {fileID: 0}
  m_GameObject: {fileID: 0}
  m_Enabled: 1
  m_EditorHideFlags: 0
  m_Script: {fileID: 11500000, guid: 8353d4da43407ed4fa009940f7f458b4, type: 3}
  m_Name: WaitForSwapMoveClipAsset
  m_EditorClassIdentifier: 
  _pointerPresenterMirrorId: 
  _hint:
    exposedName: a690c579359424f458a17efa0b33faef
    defaultValue: {fileID: 0}
  _hintTopBottomMode: 0
  _hintBottom:
    exposedName: 
    defaultValue: {fileID: 0}
  _isHighlightEnabled: 1
  _moveCellsCoordinates:
  - {x: 8, y: 1}
  - {x: 7, y: 1}
  _highlightingCellsCoordinates:
  - {x: 6, y: 0}
  - {x: 7, y: 0}
  - {x: 6, y: 1}
  - {x: 7, y: 1}
  - {x: 8, y: 1}
  _highlightChipTag: {fileID: 0}
--- !u!114 &114862585763694084
MonoBehaviour:
  m_ObjectHideFlags: 1
  m_CorrespondingSourceObject: {fileID: 0}
  m_PrefabInternal: {fileID: 0}
  m_GameObject: {fileID: 0}
  m_Enabled: 1
  m_EditorHideFlags: 0
  m_Script: {fileID: 11500000, guid: 8353d4da43407ed4fa009940f7f458b4, type: 3}
  m_Name: WaitForSwapMoveClipAsset
  m_EditorClassIdentifier: 
  _pointerPresenterMirrorId: 
  _hint:
    exposedName: 1a7376abd80ce7a42a9032f49e37eb21
    defaultValue: {fileID: 0}
  _hintTopBottomMode: 0
  _hintBottom:
    exposedName: 
    defaultValue: {fileID: 0}
  _isHighlightEnabled: 1
  _moveCellsCoordinates:
  - {x: 4, y: 2}
  - {x: 4, y: 1}
  _highlightingCellsCoordinates:
  - {x: 4, y: 2}
  - {x: 4, y: 1}
  _highlightChipTag: {fileID: 0}
