%YAML 1.1
%TAG !u! tag:unity3d.com,2011:
--- !u!1001 &100100000
Prefab:
  m_ObjectHideFlags: 1
  serializedVersion: 2
  m_Modification:
    m_TransformParent: {fileID: 0}
    m_Modifications: []
    m_RemovedComponents: []
  m_SourcePrefab: {fileID: 0}
  m_RootGameObject: {fileID: 1577766109073754}
  m_IsPrefabAsset: 1
--- !u!1 &1006670994756774
GameObject:
  m_ObjectHideFlags: 1
  m_CorrespondingSourceObject: {fileID: 0}
  m_PrefabInternal: {fileID: 100100000}
  serializedVersion: 6
  m_Component:
  - component: {fileID: 4332660147524600}
  m_Layer: 0
  m_Name: foot.L
  m_TagString: Untagged
  m_Icon: {fileID: 0}
  m_NavMeshLayer: 0
  m_StaticEditorFlags: 0
  m_IsActive: 1
--- !u!1 &1013272649141328
GameObject:
  m_ObjectHideFlags: 1
  m_CorrespondingSourceObject: {fileID: 0}
  m_PrefabInternal: {fileID: 100100000}
  serializedVersion: 6
  m_Component:
  - component: {fileID: 4949256603291452}
  - component: {fileID: 137916553792523308}
  - component: {fileID: 114221466644877938}
  m_Layer: 0
  m_Name: legs
  m_TagString: Untagged
  m_Icon: {fileID: 0}
  m_NavMeshLayer: 0
  m_StaticEditorFlags: 0
  m_IsActive: 1
--- !u!1 &1021480545662986
GameObject:
  m_ObjectHideFlags: 1
  m_CorrespondingSourceObject: {fileID: 0}
  m_PrefabInternal: {fileID: 100100000}
  serializedVersion: 6
  m_Component:
  - component: {fileID: 4518998157243154}
  - component: {fileID: 137753613102135370}
  - component: {fileID: 114961137744957978}
  m_Layer: 0
  m_Name: bottom
  m_TagString: Untagged
  m_Icon: {fileID: 0}
  m_NavMeshLayer: 0
  m_StaticEditorFlags: 0
  m_IsActive: 1
--- !u!1 &1036776915474320
GameObject:
  m_ObjectHideFlags: 1
  m_CorrespondingSourceObject: {fileID: 0}
  m_PrefabInternal: {fileID: 100100000}
  serializedVersion: 6
  m_Component:
  - component: {fileID: 4831627659861086}
  m_Layer: 0
  m_Name: fingers.L
  m_TagString: Untagged
  m_Icon: {fileID: 0}
  m_NavMeshLayer: 0
  m_StaticEditorFlags: 0
  m_IsActive: 1
--- !u!1 &1037102984396078
GameObject:
  m_ObjectHideFlags: 1
  m_CorrespondingSourceObject: {fileID: 0}
  m_PrefabInternal: {fileID: 100100000}
  serializedVersion: 6
  m_Component:
  - component: {fileID: 4709187107078506}
  m_Layer: 0
  m_Name: pelvis.R
  m_TagString: Untagged
  m_Icon: {fileID: 0}
  m_NavMeshLayer: 0
  m_StaticEditorFlags: 0
  m_IsActive: 1
--- !u!1 &1063204575200334
GameObject:
  m_ObjectHideFlags: 1
  m_CorrespondingSourceObject: {fileID: 0}
  m_PrefabInternal: {fileID: 100100000}
  serializedVersion: 6
  m_Component:
  - component: {fileID: 4566984283434082}
  m_Layer: 0
  m_Name: foot.R.001
  m_TagString: Untagged
  m_Icon: {fileID: 0}
  m_NavMeshLayer: 0
  m_StaticEditorFlags: 0
  m_IsActive: 1
--- !u!1 &1081048907280854
GameObject:
  m_ObjectHideFlags: 1
  m_CorrespondingSourceObject: {fileID: 0}
  m_PrefabInternal: {fileID: 100100000}
  serializedVersion: 6
  m_Component:
  - component: {fileID: 4870995970766256}
  m_Layer: 0
  m_Name: fingers.R
  m_TagString: Untagged
  m_Icon: {fileID: 0}
  m_NavMeshLayer: 0
  m_StaticEditorFlags: 0
  m_IsActive: 1
--- !u!1 &1085188719471700
GameObject:
  m_ObjectHideFlags: 1
  m_CorrespondingSourceObject: {fileID: 0}
  m_PrefabInternal: {fileID: 100100000}
  serializedVersion: 6
  m_Component:
  - component: {fileID: 4581764494293874}
  m_Layer: 0
  m_Name: shin.L
  m_TagString: Untagged
  m_Icon: {fileID: 0}
  m_NavMeshLayer: 0
  m_StaticEditorFlags: 0
  m_IsActive: 1
--- !u!1 &1086427591621494
GameObject:
  m_ObjectHideFlags: 1
  m_CorrespondingSourceObject: {fileID: 0}
  m_PrefabInternal: {fileID: 100100000}
  serializedVersion: 6
  m_Component:
  - component: {fileID: 4932639792721340}
  m_Layer: 0
  m_Name: Eyeleash_top.R
  m_TagString: Untagged
  m_Icon: {fileID: 0}
  m_NavMeshLayer: 0
  m_StaticEditorFlags: 0
  m_IsActive: 1
--- !u!1 &1095816792094314
GameObject:
  m_ObjectHideFlags: 1
  m_CorrespondingSourceObject: {fileID: 0}
  m_PrefabInternal: {fileID: 100100000}
  serializedVersion: 6
  m_Component:
  - component: {fileID: 4412152615431776}
  m_Layer: 0
  m_Name: foot.L.001
  m_TagString: Untagged
  m_Icon: {fileID: 0}
  m_NavMeshLayer: 0
  m_StaticEditorFlags: 0
  m_IsActive: 1
--- !u!1 &1100836333992648
GameObject:
  m_ObjectHideFlags: 1
  m_CorrespondingSourceObject: {fileID: 0}
  m_PrefabInternal: {fileID: 100100000}
  serializedVersion: 6
  m_Component:
  - component: {fileID: 4447174797109530}
  m_Layer: 0
  m_Name: spine.002
  m_TagString: Untagged
  m_Icon: {fileID: 0}
  m_NavMeshLayer: 0
  m_StaticEditorFlags: 0
  m_IsActive: 1
--- !u!1 &1103299917376396
GameObject:
  m_ObjectHideFlags: 1
  m_CorrespondingSourceObject: {fileID: 0}
  m_PrefabInternal: {fileID: 100100000}
  serializedVersion: 6
  m_Component:
  - component: {fileID: 4006198987440084}
  - component: {fileID: 137358450366907366}
  - component: {fileID: 114980491614043384}
  m_Layer: 0
  m_Name: arms
  m_TagString: Untagged
  m_Icon: {fileID: 0}
  m_NavMeshLayer: 0
  m_StaticEditorFlags: 0
  m_IsActive: 1
--- !u!1 &1103985725566760
GameObject:
  m_ObjectHideFlags: 1
  m_CorrespondingSourceObject: {fileID: 0}
  m_PrefabInternal: {fileID: 100100000}
  serializedVersion: 6
  m_Component:
  - component: {fileID: 4992964376438736}
  m_Layer: 0
  m_Name: elbow.trg.R
  m_TagString: Untagged
  m_Icon: {fileID: 0}
  m_NavMeshLayer: 0
  m_StaticEditorFlags: 0
  m_IsActive: 1
--- !u!1 &1115069010205566
GameObject:
  m_ObjectHideFlags: 1
  m_CorrespondingSourceObject: {fileID: 0}
  m_PrefabInternal: {fileID: 100100000}
  serializedVersion: 6
  m_Component:
  - component: {fileID: 4631081106514970}
  m_Layer: 0
  m_Name: Dress.Rear
  m_TagString: Untagged
  m_Icon: {fileID: 0}
  m_NavMeshLayer: 0
  m_StaticEditorFlags: 0
  m_IsActive: 1
--- !u!1 &1155421530806580
GameObject:
  m_ObjectHideFlags: 1
  m_CorrespondingSourceObject: {fileID: 0}
  m_PrefabInternal: {fileID: 100100000}
  serializedVersion: 6
  m_Component:
  - component: {fileID: 4619205383441344}
  m_Layer: 0
  m_Name: hand.R
  m_TagString: Untagged
  m_Icon: {fileID: 0}
  m_NavMeshLayer: 0
  m_StaticEditorFlags: 0
  m_IsActive: 1
--- !u!1 &1159033885402580
GameObject:
  m_ObjectHideFlags: 1
  m_CorrespondingSourceObject: {fileID: 0}
  m_PrefabInternal: {fileID: 100100000}
  serializedVersion: 6
  m_Component:
  - component: {fileID: 4469351591662458}
  m_Layer: 0
  m_Name: Root
  m_TagString: Untagged
  m_Icon: {fileID: 0}
  m_NavMeshLayer: 0
  m_StaticEditorFlags: 0
  m_IsActive: 1
--- !u!1 &1163687483074028
GameObject:
  m_ObjectHideFlags: 1
  m_CorrespondingSourceObject: {fileID: 0}
  m_PrefabInternal: {fileID: 100100000}
  serializedVersion: 6
  m_Component:
  - component: {fileID: 4946940227035132}
  m_Layer: 0
  m_Name: thumb.R
  m_TagString: Untagged
  m_Icon: {fileID: 0}
  m_NavMeshLayer: 0
  m_StaticEditorFlags: 0
  m_IsActive: 1
--- !u!1 &1164523078303720
GameObject:
  m_ObjectHideFlags: 1
  m_CorrespondingSourceObject: {fileID: 0}
  m_PrefabInternal: {fileID: 100100000}
  serializedVersion: 6
  m_Component:
  - component: {fileID: 4713630269395972}
  m_Layer: 0
  m_Name: thumb.L
  m_TagString: Untagged
  m_Icon: {fileID: 0}
  m_NavMeshLayer: 0
  m_StaticEditorFlags: 0
  m_IsActive: 1
--- !u!1 &1186206165317758
GameObject:
  m_ObjectHideFlags: 1
  m_CorrespondingSourceObject: {fileID: 0}
  m_PrefabInternal: {fileID: 100100000}
  serializedVersion: 6
  m_Component:
  - component: {fileID: 4650827887328582}
  m_Layer: 0
  m_Name: shoulder.R
  m_TagString: Untagged
  m_Icon: {fileID: 0}
  m_NavMeshLayer: 0
  m_StaticEditorFlags: 0
  m_IsActive: 1
--- !u!1 &1188068752707724
GameObject:
  m_ObjectHideFlags: 1
  m_CorrespondingSourceObject: {fileID: 0}
  m_PrefabInternal: {fileID: 100100000}
  serializedVersion: 6
  m_Component:
  - component: {fileID: 4264995718665698}
  m_Layer: 0
  m_Name: Dress.Front
  m_TagString: Untagged
  m_Icon: {fileID: 0}
  m_NavMeshLayer: 0
  m_StaticEditorFlags: 0
  m_IsActive: 1
--- !u!1 &1209422594541638
GameObject:
  m_ObjectHideFlags: 1
  m_CorrespondingSourceObject: {fileID: 0}
  m_PrefabInternal: {fileID: 100100000}
  serializedVersion: 6
  m_Component:
  - component: {fileID: 4680175665724358}
  m_Layer: 0
  m_Name: Dress.L
  m_TagString: Untagged
  m_Icon: {fileID: 0}
  m_NavMeshLayer: 0
  m_StaticEditorFlags: 0
  m_IsActive: 1
--- !u!1 &1264789087453428
GameObject:
  m_ObjectHideFlags: 1
  m_CorrespondingSourceObject: {fileID: 0}
  m_PrefabInternal: {fileID: 100100000}
  serializedVersion: 6
  m_Component:
  - component: {fileID: 4123634474747628}
  m_Layer: 0
  m_Name: pelvis.L
  m_TagString: Untagged
  m_Icon: {fileID: 0}
  m_NavMeshLayer: 0
  m_StaticEditorFlags: 0
  m_IsActive: 1
--- !u!1 &1272127612942198
GameObject:
  m_ObjectHideFlags: 1
  m_CorrespondingSourceObject: {fileID: 0}
  m_PrefabInternal: {fileID: 100100000}
  serializedVersion: 6
  m_Component:
  - component: {fileID: 4953650597227526}
  - component: {fileID: 137393129378229232}
  m_Layer: 0
  m_Name: body
  m_TagString: Untagged
  m_Icon: {fileID: 0}
  m_NavMeshLayer: 0
  m_StaticEditorFlags: 0
  m_IsActive: 1
--- !u!1 &1295817677904108
GameObject:
  m_ObjectHideFlags: 1
  m_CorrespondingSourceObject: {fileID: 0}
  m_PrefabInternal: {fileID: 100100000}
  serializedVersion: 6
  m_Component:
  - component: {fileID: 4898455463208866}
  m_Layer: 0
  m_Name: Neck
  m_TagString: Untagged
  m_Icon: {fileID: 0}
  m_NavMeshLayer: 0
  m_StaticEditorFlags: 0
  m_IsActive: 1
--- !u!1 &1326628143303364
GameObject:
  m_ObjectHideFlags: 1
  m_CorrespondingSourceObject: {fileID: 0}
  m_PrefabInternal: {fileID: 100100000}
  serializedVersion: 6
  m_Component:
  - component: {fileID: 4934420488193128}
  m_Layer: 0
  m_Name: thigh.L
  m_TagString: Untagged
  m_Icon: {fileID: 0}
  m_NavMeshLayer: 0
  m_StaticEditorFlags: 0
  m_IsActive: 1
--- !u!1 &1337670816025400
GameObject:
  m_ObjectHideFlags: 1
  m_CorrespondingSourceObject: {fileID: 0}
  m_PrefabInternal: {fileID: 100100000}
  serializedVersion: 6
  m_Component:
  - component: {fileID: 4884658814363090}
  m_Layer: 0
  m_Name: spine.003
  m_TagString: Untagged
  m_Icon: {fileID: 0}
  m_NavMeshLayer: 0
  m_StaticEditorFlags: 0
  m_IsActive: 1
--- !u!1 &1366244914802650
GameObject:
  m_ObjectHideFlags: 1
  m_CorrespondingSourceObject: {fileID: 0}
  m_PrefabInternal: {fileID: 100100000}
  serializedVersion: 6
  m_Component:
  - component: {fileID: 4434080456826886}
  - component: {fileID: 95737064421422488}
  - component: {fileID: 114925111982263472}
  - component: {fileID: 114084474675456550}
  - component: {fileID: 114586402849890520}
  - component: {fileID: 114451480025724458}
  m_Layer: 0
  m_Name: Model
  m_TagString: Untagged
  m_Icon: {fileID: 0}
  m_NavMeshLayer: 0
  m_StaticEditorFlags: 0
  m_IsActive: 1
--- !u!1 &1368442396854296
GameObject:
  m_ObjectHideFlags: 1
  m_CorrespondingSourceObject: {fileID: 0}
  m_PrefabInternal: {fileID: 100100000}
  serializedVersion: 6
  m_Component:
  - component: {fileID: 4330862469212628}
  m_Layer: 0
  m_Name: Breast
  m_TagString: Untagged
  m_Icon: {fileID: 0}
  m_NavMeshLayer: 0
  m_StaticEditorFlags: 0
  m_IsActive: 1
--- !u!1 &1394637960311774
GameObject:
  m_ObjectHideFlags: 1
  m_CorrespondingSourceObject: {fileID: 0}
  m_PrefabInternal: {fileID: 100100000}
  serializedVersion: 6
  m_Component:
  - component: {fileID: 4581485241755582}
  m_Layer: 0
  m_Name: hand.IK.R
  m_TagString: Untagged
  m_Icon: {fileID: 0}
  m_NavMeshLayer: 0
  m_StaticEditorFlags: 0
  m_IsActive: 1
--- !u!1 &1419462333898294
GameObject:
  m_ObjectHideFlags: 1
  m_CorrespondingSourceObject: {fileID: 0}
  m_PrefabInternal: {fileID: 100100000}
  serializedVersion: 6
  m_Component:
  - component: {fileID: 4814105464183022}
  m_Layer: 0
  m_Name: IK_leg.R
  m_TagString: Untagged
  m_Icon: {fileID: 0}
  m_NavMeshLayer: 0
  m_StaticEditorFlags: 0
  m_IsActive: 1
--- !u!1 &1420290395422380
GameObject:
  m_ObjectHideFlags: 1
  m_CorrespondingSourceObject: {fileID: 0}
  m_PrefabInternal: {fileID: 100100000}
  serializedVersion: 6
  m_Component:
  - component: {fileID: 4743278342519698}
  m_Layer: 0
  m_Name: metla.001
  m_TagString: Untagged
  m_Icon: {fileID: 0}
  m_NavMeshLayer: 0
  m_StaticEditorFlags: 0
  m_IsActive: 1
--- !u!1 &1420383133805210
GameObject:
  m_ObjectHideFlags: 1
  m_CorrespondingSourceObject: {fileID: 0}
  m_PrefabInternal: {fileID: 100100000}
  serializedVersion: 6
  m_Component:
  - component: {fileID: 4892705553187710}
  m_Layer: 0
  m_Name: upper_arm.R
  m_TagString: Untagged
  m_Icon: {fileID: 0}
  m_NavMeshLayer: 0
  m_StaticEditorFlags: 0
  m_IsActive: 1
--- !u!1 &1444041921881604
GameObject:
  m_ObjectHideFlags: 1
  m_CorrespondingSourceObject: {fileID: 0}
  m_PrefabInternal: {fileID: 100100000}
  serializedVersion: 6
  m_Component:
  - component: {fileID: 4233261171199112}
  m_Layer: 0
  m_Name: Dress.R
  m_TagString: Untagged
  m_Icon: {fileID: 0}
  m_NavMeshLayer: 0
  m_StaticEditorFlags: 0
  m_IsActive: 1
--- !u!1 &1447894338383574
GameObject:
  m_ObjectHideFlags: 1
  m_CorrespondingSourceObject: {fileID: 0}
  m_PrefabInternal: {fileID: 100100000}
  serializedVersion: 6
  m_Component:
  - component: {fileID: 4329329616579996}
  m_Layer: 0
  m_Name: foot.R
  m_TagString: Untagged
  m_Icon: {fileID: 0}
  m_NavMeshLayer: 0
  m_StaticEditorFlags: 0
  m_IsActive: 1
--- !u!1 &1460248294606806
GameObject:
  m_ObjectHideFlags: 1
  m_CorrespondingSourceObject: {fileID: 0}
  m_PrefabInternal: {fileID: 100100000}
  serializedVersion: 6
  m_Component:
  - component: {fileID: 4831887976269006}
  m_Layer: 0
  m_Name: thigh.R
  m_TagString: Untagged
  m_Icon: {fileID: 0}
  m_NavMeshLayer: 0
  m_StaticEditorFlags: 0
  m_IsActive: 1
--- !u!1 &1480704367723876
GameObject:
  m_ObjectHideFlags: 1
  m_CorrespondingSourceObject: {fileID: 0}
  m_PrefabInternal: {fileID: 100100000}
  serializedVersion: 6
  m_Component:
  - component: {fileID: 4443403332126040}
  - component: {fileID: 137803209065362846}
  - component: {fileID: 114597590328005276}
  m_Layer: 0
  m_Name: hands
  m_TagString: Untagged
  m_Icon: {fileID: 0}
  m_NavMeshLayer: 0
  m_StaticEditorFlags: 0
  m_IsActive: 1
--- !u!1 &1492566075656714
GameObject:
  m_ObjectHideFlags: 1
  m_CorrespondingSourceObject: {fileID: 0}
  m_PrefabInternal: {fileID: 100100000}
  serializedVersion: 6
  m_Component:
  - component: {fileID: 4381934539900088}
  m_Layer: 0
  m_Name: IK_leg.L
  m_TagString: Untagged
  m_Icon: {fileID: 0}
  m_NavMeshLayer: 0
  m_StaticEditorFlags: 0
  m_IsActive: 1
--- !u!1 &1496211769953728
GameObject:
  m_ObjectHideFlags: 1
  m_CorrespondingSourceObject: {fileID: 0}
  m_PrefabInternal: {fileID: 100100000}
  serializedVersion: 6
  m_Component:
  - component: {fileID: 4392047592204672}
  m_Layer: 0
  m_Name: metla.003
  m_TagString: Untagged
  m_Icon: {fileID: 0}
  m_NavMeshLayer: 0
  m_StaticEditorFlags: 0
  m_IsActive: 1
--- !u!1 &1530743362667576
GameObject:
  m_ObjectHideFlags: 1
  m_CorrespondingSourceObject: {fileID: 0}
  m_PrefabInternal: {fileID: 100100000}
  serializedVersion: 6
  m_Component:
  - component: {fileID: 4287665616109176}
  m_Layer: 0
  m_Name: hand.L
  m_TagString: Untagged
  m_Icon: {fileID: 0}
  m_NavMeshLayer: 0
  m_StaticEditorFlags: 0
  m_IsActive: 1
--- !u!1 &1555486256263400
GameObject:
  m_ObjectHideFlags: 1
  m_CorrespondingSourceObject: {fileID: 0}
  m_PrefabInternal: {fileID: 100100000}
  serializedVersion: 6
  m_Component:
  - component: {fileID: 4640664151549890}
  - component: {fileID: 33009737809810618}
  - component: {fileID: 23087972760533312}
  m_Layer: 0
  m_Name: PhoneTube 1
  m_TagString: Untagged
  m_Icon: {fileID: 0}
  m_NavMeshLayer: 0
  m_StaticEditorFlags: 0
  m_IsActive: 1
--- !u!1 &1577766109073754
GameObject:
  m_ObjectHideFlags: 0
  m_CorrespondingSourceObject: {fileID: 0}
  m_PrefabInternal: {fileID: 100100000}
  serializedVersion: 6
  m_Component:
  - component: {fileID: 4248223697888916}
  - component: {fileID: 114683292656000378}
  - component: {fileID: 114432982932961150}
  - component: {fileID: 114023941923484104}
  - component: {fileID: 114322089975006746}
  - component: {fileID: 114672048388735130}
  - component: {fileID: 114758669183984052}
  - component: {fileID: 114494929549175668}
  - component: {fileID: 114657972528079672}
  - component: {fileID: 114526274564553200}
  - component: {fileID: 114370142511293814}
  - component: {fileID: 114890676330013386}
  - component: {fileID: 114391529185458698}
  - component: {fileID: 114024333579547684}
  m_Layer: 0
  m_Name: Linda
  m_TagString: Untagged
  m_Icon: {fileID: 0}
  m_NavMeshLayer: 0
  m_StaticEditorFlags: 0
  m_IsActive: 1
--- !u!1 &1599334134100292
GameObject:
  m_ObjectHideFlags: 1
  m_CorrespondingSourceObject: {fileID: 0}
  m_PrefabInternal: {fileID: 100100000}
  serializedVersion: 6
  m_Component:
  - component: {fileID: 4624347301622150}
  m_Layer: 0
  m_Name: Shadow
  m_TagString: Untagged
  m_Icon: {fileID: 0}
  m_NavMeshLayer: 0
  m_StaticEditorFlags: 0
  m_IsActive: 1
--- !u!1 &1600584561310566
GameObject:
  m_ObjectHideFlags: 1
  m_CorrespondingSourceObject: {fileID: 0}
  m_PrefabInternal: {fileID: 100100000}
  serializedVersion: 6
  m_Component:
  - component: {fileID: 4655247155700404}
  - component: {fileID: 137133831429495472}
  - component: {fileID: 114418541084129644}
  m_Layer: 0
  m_Name: feet
  m_TagString: Untagged
  m_Icon: {fileID: 0}
  m_NavMeshLayer: 0
  m_StaticEditorFlags: 0
  m_IsActive: 1
--- !u!1 &1611102464609798
GameObject:
  m_ObjectHideFlags: 1
  m_CorrespondingSourceObject: {fileID: 0}
  m_PrefabInternal: {fileID: 100100000}
  serializedVersion: 6
  m_Component:
  - component: {fileID: 4170302805686738}
  m_Layer: 0
  m_Name: upper_arm.L
  m_TagString: Untagged
  m_Icon: {fileID: 0}
  m_NavMeshLayer: 0
  m_StaticEditorFlags: 0
  m_IsActive: 1
--- !u!1 &1613623563639712
GameObject:
  m_ObjectHideFlags: 1
  m_CorrespondingSourceObject: {fileID: 0}
  m_PrefabInternal: {fileID: 100100000}
  serializedVersion: 6
  m_Component:
  - component: {fileID: 4840928198209338}
  m_Layer: 0
  m_Name: forearm.L
  m_TagString: Untagged
  m_Icon: {fileID: 0}
  m_NavMeshLayer: 0
  m_StaticEditorFlags: 0
  m_IsActive: 1
--- !u!1 &1616693502401424
GameObject:
  m_ObjectHideFlags: 1
  m_CorrespondingSourceObject: {fileID: 0}
  m_PrefabInternal: {fileID: 100100000}
  serializedVersion: 6
  m_Component:
  - component: {fileID: 4457587353830590}
  m_Layer: 0
  m_Name: metla
  m_TagString: Untagged
  m_Icon: {fileID: 0}
  m_NavMeshLayer: 0
  m_StaticEditorFlags: 0
  m_IsActive: 1
--- !u!1 &1630873678519016
GameObject:
  m_ObjectHideFlags: 1
  m_CorrespondingSourceObject: {fileID: 0}
  m_PrefabInternal: {fileID: 100100000}
  serializedVersion: 6
  m_Component:
  - component: {fileID: 4119392516617998}
  m_Layer: 0
  m_Name: shin.R
  m_TagString: Untagged
  m_Icon: {fileID: 0}
  m_NavMeshLayer: 0
  m_StaticEditorFlags: 0
  m_IsActive: 1
--- !u!1 &1631135306415180
GameObject:
  m_ObjectHideFlags: 1
  m_CorrespondingSourceObject: {fileID: 0}
  m_PrefabInternal: {fileID: 100100000}
  serializedVersion: 6
  m_Component:
  - component: {fileID: 4719321073682326}
  m_Layer: 0
  m_Name: Eyeleash_top.L
  m_TagString: Untagged
  m_Icon: {fileID: 0}
  m_NavMeshLayer: 0
  m_StaticEditorFlags: 0
  m_IsActive: 1
--- !u!1 &1632701107793930
GameObject:
  m_ObjectHideFlags: 1
  m_CorrespondingSourceObject: {fileID: 0}
  m_PrefabInternal: {fileID: 100100000}
  serializedVersion: 6
  m_Component:
  - component: {fileID: 4530236198028942}
  m_Layer: 0
  m_Name: spine.001
  m_TagString: Untagged
  m_Icon: {fileID: 0}
  m_NavMeshLayer: 0
  m_StaticEditorFlags: 0
  m_IsActive: 1
--- !u!1 &1641501414781418
GameObject:
  m_ObjectHideFlags: 1
  m_CorrespondingSourceObject: {fileID: 0}
  m_PrefabInternal: {fileID: 100100000}
  serializedVersion: 6
  m_Component:
  - component: {fileID: 4880539606504374}
  - component: {fileID: 23141879416845156}
  - component: {fileID: 33770403569967298}
  - component: {fileID: 114150961033704310}
  m_Layer: 0
  m_Name: hair
  m_TagString: Untagged
  m_Icon: {fileID: 0}
  m_NavMeshLayer: 0
  m_StaticEditorFlags: 0
  m_IsActive: 1
--- !u!1 &1654725348273512
GameObject:
  m_ObjectHideFlags: 1
  m_CorrespondingSourceObject: {fileID: 0}
  m_PrefabInternal: {fileID: 100100000}
  serializedVersion: 6
  m_Component:
  - component: {fileID: 4792486802626708}
  - component: {fileID: 114937604016505970}
  - component: {fileID: 114863881897514046}
  - component: {fileID: 114741901543084362}
  m_Layer: 0
  m_Name: LindaBubblePoint
  m_TagString: Untagged
  m_Icon: {fileID: 0}
  m_NavMeshLayer: 0
  m_StaticEditorFlags: 0
  m_IsActive: 1
--- !u!1 &1659667260173810
GameObject:
  m_ObjectHideFlags: 1
  m_CorrespondingSourceObject: {fileID: 0}
  m_PrefabInternal: {fileID: 100100000}
  serializedVersion: 6
  m_Component:
  - component: {fileID: 4305341878778426}
  m_Layer: 0
  m_Name: elbow.trg.L
  m_TagString: Untagged
  m_Icon: {fileID: 0}
  m_NavMeshLayer: 0
  m_StaticEditorFlags: 0
  m_IsActive: 1
--- !u!1 &1682394841232970
GameObject:
  m_ObjectHideFlags: 1
  m_CorrespondingSourceObject: {fileID: 0}
  m_PrefabInternal: {fileID: 100100000}
  serializedVersion: 6
  m_Component:
  - component: {fileID: 4694537894044760}
  m_Layer: 0
  m_Name: metla.002
  m_TagString: Untagged
  m_Icon: {fileID: 0}
  m_NavMeshLayer: 0
  m_StaticEditorFlags: 0
  m_IsActive: 1
--- !u!1 &1695734534541880
GameObject:
  m_ObjectHideFlags: 1
  m_CorrespondingSourceObject: {fileID: 0}
  m_PrefabInternal: {fileID: 100100000}
  serializedVersion: 6
  m_Component:
  - component: {fileID: 4698069423773436}
  m_Layer: 0
  m_Name: forearm.R
  m_TagString: Untagged
  m_Icon: {fileID: 0}
  m_NavMeshLayer: 0
  m_StaticEditorFlags: 0
  m_IsActive: 1
--- !u!1 &1713853971529066
GameObject:
  m_ObjectHideFlags: 0
  m_CorrespondingSourceObject: {fileID: 0}
  m_PrefabInternal: {fileID: 100100000}
  serializedVersion: 6
  m_Component:
  - component: {fileID: 4562846431763782}
  - component: {fileID: 111996796431382714}
  - component: {fileID: 114310189977582530}
  - component: {fileID: 114346074203393402}
  - component: {fileID: 114161367977958628}
  m_Layer: 0
  m_Name: Animation
  m_TagString: Untagged
  m_Icon: {fileID: 0}
  m_NavMeshLayer: 0
  m_StaticEditorFlags: 0
  m_IsActive: 1
--- !u!1 &1716501678322642
GameObject:
  m_ObjectHideFlags: 1
  m_CorrespondingSourceObject: {fileID: 0}
  m_PrefabInternal: {fileID: 100100000}
  serializedVersion: 6
  m_Component:
  - component: {fileID: 4720906352431424}
  - component: {fileID: 23028020030650970}
  - component: {fileID: 33491423245267666}
  - component: {fileID: 114440032765754226}
  m_Layer: 0
  m_Name: glasses
  m_TagString: Untagged
  m_Icon: {fileID: 0}
  m_NavMeshLayer: 0
  m_StaticEditorFlags: 0
  m_IsActive: 1
--- !u!1 &1738901578456162
GameObject:
  m_ObjectHideFlags: 1
  m_CorrespondingSourceObject: {fileID: 0}
  m_PrefabInternal: {fileID: 100100000}
  serializedVersion: 6
  m_Component:
  - component: {fileID: 4707976196481886}
  - component: {fileID: 137415553612828724}
  m_Layer: 0
  m_Name: Broom
  m_TagString: Untagged
  m_Icon: {fileID: 0}
  m_NavMeshLayer: 0
  m_StaticEditorFlags: 0
  m_IsActive: 1
--- !u!1 &1771210621720108
GameObject:
  m_ObjectHideFlags: 1
  m_CorrespondingSourceObject: {fileID: 0}
  m_PrefabInternal: {fileID: 100100000}
  serializedVersion: 6
  m_Component:
  - component: {fileID: 4904724677998388}
  m_Layer: 0
  m_Name: PhoneTube
  m_TagString: Untagged
  m_Icon: {fileID: 0}
  m_NavMeshLayer: 0
  m_StaticEditorFlags: 0
  m_IsActive: 1
--- !u!1 &1782748203862708
GameObject:
  m_ObjectHideFlags: 1
  m_CorrespondingSourceObject: {fileID: 0}
  m_PrefabInternal: {fileID: 100100000}
  serializedVersion: 6
  m_Component:
  - component: {fileID: 4044130260457468}
  m_Layer: 0
  m_Name: hand.IK.L
  m_TagString: Untagged
  m_Icon: {fileID: 0}
  m_NavMeshLayer: 0
  m_StaticEditorFlags: 0
  m_IsActive: 1
--- !u!1 &1845869655534154
GameObject:
  m_ObjectHideFlags: 1
  m_CorrespondingSourceObject: {fileID: 0}
  m_PrefabInternal: {fileID: 100100000}
  serializedVersion: 6
  m_Component:
  - component: {fileID: 4863792125545502}
  - component: {fileID: 137338029027731010}
  - component: {fileID: 114796069786654668}
  m_Layer: 0
  m_Name: top
  m_TagString: Untagged
  m_Icon: {fileID: 0}
  m_NavMeshLayer: 0
  m_StaticEditorFlags: 0
  m_IsActive: 1
--- !u!1 &1858964585067348
GameObject:
  m_ObjectHideFlags: 1
  m_CorrespondingSourceObject: {fileID: 0}
  m_PrefabInternal: {fileID: 100100000}
  serializedVersion: 6
  m_Component:
  - component: {fileID: 4966771670432766}
  m_Layer: 0
  m_Name: Head
  m_TagString: Untagged
  m_Icon: {fileID: 0}
  m_NavMeshLayer: 0
  m_StaticEditorFlags: 0
  m_IsActive: 1
--- !u!1 &1883591848904142
GameObject:
  m_ObjectHideFlags: 1
  m_CorrespondingSourceObject: {fileID: 0}
  m_PrefabInternal: {fileID: 100100000}
  serializedVersion: 6
  m_Component:
  - component: {fileID: 4530917695099622}
  - component: {fileID: 33830259747425424}
  - component: {fileID: 23812136840554300}
  m_Layer: 0
  m_Name: shadow
  m_TagString: Untagged
  m_Icon: {fileID: 0}
  m_NavMeshLayer: 0
  m_StaticEditorFlags: 0
  m_IsActive: 1
--- !u!1 &1883962194521020
GameObject:
  m_ObjectHideFlags: 1
  m_CorrespondingSourceObject: {fileID: 0}
  m_PrefabInternal: {fileID: 100100000}
  serializedVersion: 6
  m_Component:
  - component: {fileID: 4059635770723280}
  - component: {fileID: 114629512304178712}
  - component: {fileID: 114022123500728118}
  - component: {fileID: 95114636201907196}
  - component: {fileID: 114490018032169266}
  m_Layer: 0
  m_Name: Presenter
  m_TagString: Untagged
  m_Icon: {fileID: 0}
  m_NavMeshLayer: 0
  m_StaticEditorFlags: 0
  m_IsActive: 1
--- !u!1 &1942713390950352
GameObject:
  m_ObjectHideFlags: 1
  m_CorrespondingSourceObject: {fileID: 0}
  m_PrefabInternal: {fileID: 100100000}
  serializedVersion: 6
  m_Component:
  - component: {fileID: 4707561897359760}
  m_Layer: 0
  m_Name: Clothing
  m_TagString: Untagged
  m_Icon: {fileID: 0}
  m_NavMeshLayer: 0
  m_StaticEditorFlags: 0
  m_IsActive: 1
--- !u!1 &1943526606990534
GameObject:
  m_ObjectHideFlags: 1
  m_CorrespondingSourceObject: {fileID: 0}
  m_PrefabInternal: {fileID: 100100000}
  serializedVersion: 6
  m_Component:
  - component: {fileID: 4254287319042218}
  m_Layer: 0
  m_Name: spine
  m_TagString: Untagged
  m_Icon: {fileID: 0}
  m_NavMeshLayer: 0
  m_StaticEditorFlags: 0
  m_IsActive: 1
--- !u!1 &1951225959810102
GameObject:
  m_ObjectHideFlags: 1
  m_CorrespondingSourceObject: {fileID: 0}
  m_PrefabInternal: {fileID: 100100000}
  serializedVersion: 6
  m_Component:
  - component: {fileID: 4471167085149756}
  m_Layer: 0
  m_Name: Linda
  m_TagString: Untagged
  m_Icon: {fileID: 0}
  m_NavMeshLayer: 0
  m_StaticEditorFlags: 0
  m_IsActive: 1
--- !u!1 &1973265048402908
GameObject:
  m_ObjectHideFlags: 1
  m_CorrespondingSourceObject: {fileID: 0}
  m_PrefabInternal: {fileID: 100100000}
  serializedVersion: 6
  m_Component:
  - component: {fileID: 4966581561894366}
  m_Layer: 0
  m_Name: Compensator
  m_TagString: Untagged
  m_Icon: {fileID: 0}
  m_NavMeshLayer: 0
  m_StaticEditorFlags: 0
  m_IsActive: 1
--- !u!1 &1987865001622130
GameObject:
  m_ObjectHideFlags: 1
  m_CorrespondingSourceObject: {fileID: 0}
  m_PrefabInternal: {fileID: 100100000}
  serializedVersion: 6
  m_Component:
  - component: {fileID: 4588147132080750}
  m_Layer: 0
  m_Name: shoulder.L
  m_TagString: Untagged
  m_Icon: {fileID: 0}
  m_NavMeshLayer: 0
  m_StaticEditorFlags: 0
  m_IsActive: 1
--- !u!4 &4006198987440084
Transform:
  m_ObjectHideFlags: 1
  m_CorrespondingSourceObject: {fileID: 0}
  m_PrefabInternal: {fileID: 100100000}
  m_GameObject: {fileID: 1103299917376396}
  m_LocalRotation: {x: -0, y: -0, z: -0, w: 1}
  m_LocalPosition: {x: 0, y: 0, z: 0}
  m_LocalScale: {x: 1, y: 1, z: 1}
  m_Children: []
  m_Father: {fileID: 4707561897359760}
  m_RootOrder: 4
  m_LocalEulerAnglesHint: {x: 0, y: 0, z: 0}
--- !u!4 &4044130260457468
Transform:
  m_ObjectHideFlags: 1
  m_CorrespondingSourceObject: {fileID: 0}
  m_PrefabInternal: {fileID: 100100000}
  m_GameObject: {fileID: 1782748203862708}
  m_LocalRotation: {x: -0.12660131, y: 0.38591284, z: -0.5534987, w: 0.72710574}
  m_LocalPosition: {x: 0.003222156, y: -0.0001519884, z: 0.007179891}
  m_LocalScale: {x: 0.9999997, y: 0.99999994, z: 0.9999999}
  m_Children: []
  m_Father: {fileID: 4471167085149756}
  m_RootOrder: 0
  m_LocalEulerAnglesHint: {x: 0, y: 0, z: 0}
--- !u!4 &4059635770723280
Transform:
  m_ObjectHideFlags: 1
  m_CorrespondingSourceObject: {fileID: 0}
  m_PrefabInternal: {fileID: 100100000}
  m_GameObject: {fileID: 1883962194521020}
  m_LocalRotation: {x: -0, y: 0.9659259, z: -0.25881907, w: 0}
  m_LocalPosition: {x: 0, y: 0, z: 0}
  m_LocalScale: {x: 1, y: 1, z: 1}
  m_Children:
  - {fileID: 4966581561894366}
  m_Father: {fileID: 4562846431763782}
  m_RootOrder: 1
  m_LocalEulerAnglesHint: {x: -0.000001318968, y: 0.00001860152, z: 0.9999918}
--- !u!4 &4119392516617998
Transform:
  m_ObjectHideFlags: 1
  m_CorrespondingSourceObject: {fileID: 0}
  m_PrefabInternal: {fileID: 100100000}
  m_GameObject: {fileID: 1630873678519016}
  m_LocalRotation: {x: -0.19147207, y: -0.019186044, z: 0.051050518, w: 0.9799818}
  m_LocalPosition: {x: 8.731149e-11, y: 0.0025539137, z: 6.984919e-12}
  m_LocalScale: {x: 0.9999999, y: 0.99999976, z: 0.99999833}
  m_Children: []
  m_Father: {fileID: 4831887976269006}
  m_RootOrder: 0
  m_LocalEulerAnglesHint: {x: 0, y: 0, z: 0}
--- !u!4 &4123634474747628
Transform:
  m_ObjectHideFlags: 1
  m_CorrespondingSourceObject: {fileID: 0}
  m_PrefabInternal: {fileID: 100100000}
  m_GameObject: {fileID: 1264789087453428}
  m_LocalRotation: {x: 0.5293895, y: -0.27951932, z: 0.7540273, w: 0.27029324}
  m_LocalPosition: {x: -2.3283064e-12, y: 0.0015754141, z: -1.8619176e-10}
  m_LocalScale: {x: 0.99999964, y: 0.9999998, z: 0.9999997}
  m_Children:
  - {fileID: 4934420488193128}
  m_Father: {fileID: 4254287319042218}
  m_RootOrder: 0
  m_LocalEulerAnglesHint: {x: 0, y: 0, z: 0}
--- !u!4 &4170302805686738
Transform:
  m_ObjectHideFlags: 1
  m_CorrespondingSourceObject: {fileID: 0}
  m_PrefabInternal: {fileID: 100100000}
  m_GameObject: {fileID: 1611102464609798}
  m_LocalRotation: {x: -0.6810589, y: 0.15623853, z: 0.04164059, w: 0.7141529}
  m_LocalPosition: {x: 0.00002872712, y: 0.0010076046, z: -0.0001774334}
  m_LocalScale: {x: 1.0000001, y: 1.0000001, z: 1.0000001}
  m_Children:
  - {fileID: 4840928198209338}
  m_Father: {fileID: 4588147132080750}
  m_RootOrder: 0
  m_LocalEulerAnglesHint: {x: 0, y: 0, z: 0}
--- !u!4 &4233261171199112
Transform:
  m_ObjectHideFlags: 1
  m_CorrespondingSourceObject: {fileID: 0}
  m_PrefabInternal: {fileID: 100100000}
  m_GameObject: {fileID: 1444041921881604}
  m_LocalRotation: {x: -0.70482254, y: -0.059030425, z: -0.056790594, w: 0.70463854}
  m_LocalPosition: {x: 0.0017027416, y: 0.00008531532, z: -0.002030248}
  m_LocalScale: {x: 0.9999999, y: 0.9999999, z: 0.9999999}
  m_Children: []
  m_Father: {fileID: 4884658814363090}
  m_RootOrder: 2
  m_LocalEulerAnglesHint: {x: 0, y: 0, z: 0}
--- !u!4 &4248223697888916
Transform:
  m_ObjectHideFlags: 1
  m_CorrespondingSourceObject: {fileID: 0}
  m_PrefabInternal: {fileID: 100100000}
  m_GameObject: {fileID: 1577766109073754}
  m_LocalRotation: {x: -0, y: -0, z: -0, w: 1}
  m_LocalPosition: {x: 0, y: 0, z: 0}
  m_LocalScale: {x: 1, y: 1, z: 1}
  m_Children:
  - {fileID: 4562846431763782}
  m_Father: {fileID: 0}
  m_RootOrder: 0
  m_LocalEulerAnglesHint: {x: 0, y: 0, z: 0}
--- !u!4 &4254287319042218
Transform:
  m_ObjectHideFlags: 1
  m_CorrespondingSourceObject: {fileID: 0}
  m_PrefabInternal: {fileID: 100100000}
  m_GameObject: {fileID: 1943526606990534}
  m_LocalRotation: {x: -0.6327689, y: -0.000000033582474, z: -0.000000015176472, w: 0.77434075}
  m_LocalPosition: {x: -6.4028427e-12, y: 1.4522811e-10, z: -5.032734e-10}
  m_LocalScale: {x: 0.99999994, y: 0.9999997, z: 0.9999997}
  m_Children:
  - {fileID: 4123634474747628}
  - {fileID: 4709187107078506}
  m_Father: {fileID: 4884658814363090}
  m_RootOrder: 4
  m_LocalEulerAnglesHint: {x: 0, y: 0, z: 0}
--- !u!4 &4264995718665698
Transform:
  m_ObjectHideFlags: 1
  m_CorrespondingSourceObject: {fileID: 0}
  m_PrefabInternal: {fileID: 100100000}
  m_GameObject: {fileID: 1188068752707724}
  m_LocalRotation: {x: -0.71130496, y: -0.023391541, z: -0.023089161, w: 0.70211464}
  m_LocalPosition: {x: -2.2933817e-10, y: -0.00139855, z: -0.002000987}
  m_LocalScale: {x: 0.99999994, y: 0.99999994, z: 0.99999994}
  m_Children: []
  m_Father: {fileID: 4884658814363090}
  m_RootOrder: 0
  m_LocalEulerAnglesHint: {x: 0, y: 0, z: 0}
--- !u!4 &4287665616109176
Transform:
  m_ObjectHideFlags: 1
  m_CorrespondingSourceObject: {fileID: 0}
  m_PrefabInternal: {fileID: 100100000}
  m_GameObject: {fileID: 1530743362667576}
  m_LocalRotation: {x: -0.09962105, y: -0.08200877, z: -0.1774402, w: 0.9756358}
  m_LocalPosition: {x: -6.0535965e-10, y: 0.0013884851, z: -1.6763806e-10}
  m_LocalScale: {x: 1.0000001, y: 1, z: 0.99999994}
  m_Children:
  - {fileID: 4831627659861086}
  - {fileID: 4713630269395972}
  m_Father: {fileID: 4840928198209338}
  m_RootOrder: 0
  m_LocalEulerAnglesHint: {x: 0, y: 0, z: 0}
--- !u!4 &4305341878778426
Transform:
  m_ObjectHideFlags: 1
  m_CorrespondingSourceObject: {fileID: 0}
  m_PrefabInternal: {fileID: 100100000}
  m_GameObject: {fileID: 1659667260173810}
  m_LocalRotation: {x: -0.62985015, y: 0.000000104964435, z: 0.000000102747165, w: 0.7767167}
  m_LocalPosition: {x: -0.0022520572, y: 0.0008802377, z: -0.005019326}
  m_LocalScale: {x: 1, y: 0.9999999, z: 0.9999999}
  m_Children: []
  m_Father: {fileID: 4447174797109530}
  m_RootOrder: 1
  m_LocalEulerAnglesHint: {x: 0, y: 0, z: 0}
--- !u!4 &4329329616579996
Transform:
  m_ObjectHideFlags: 1
  m_CorrespondingSourceObject: {fileID: 0}
  m_PrefabInternal: {fileID: 100100000}
  m_GameObject: {fileID: 1447894338383574}
  m_LocalRotation: {x: 0.00000018560729, y: -0.44275612, z: 0.8966421, w: -0.00000020536326}
  m_LocalPosition: {x: -2.0023018e-10, y: 2.429726e-12, z: -5.763992e-12}
  m_LocalScale: {x: 0.9999997, y: 0.9999988, z: 1.0000008}
  m_Children:
  - {fileID: 4566984283434082}
  m_Father: {fileID: 4814105464183022}
  m_RootOrder: 0
  m_LocalEulerAnglesHint: {x: 0, y: 0, z: 0}
--- !u!4 &4330862469212628
Transform:
  m_ObjectHideFlags: 1
  m_CorrespondingSourceObject: {fileID: 0}
  m_PrefabInternal: {fileID: 100100000}
  m_GameObject: {fileID: 1368442396854296}
  m_LocalRotation: {x: 0.7888406, y: -0.0000000064875345, z: -0.000000102001096, w: 0.61459786}
  m_LocalPosition: {x: 3.0267983e-11, y: -0.000019229547, z: 0.00036148934}
  m_LocalScale: {x: 0.99999994, y: 0.99999994, z: 0.9999999}
  m_Children: []
  m_Father: {fileID: 4447174797109530}
  m_RootOrder: 0
  m_LocalEulerAnglesHint: {x: 0, y: 0, z: 0}
--- !u!4 &4332660147524600
Transform:
  m_ObjectHideFlags: 1
  m_CorrespondingSourceObject: {fileID: 0}
  m_PrefabInternal: {fileID: 100100000}
  m_GameObject: {fileID: 1006670994756774}
  m_LocalRotation: {x: -0.0000001138477, y: -0.4427561, z: 0.8966421, w: 0.000000092290215}
  m_LocalPosition: {x: 1.8280064e-10, y: -3.261761e-12, z: -6.085294e-12}
  m_LocalScale: {x: 1.0000004, y: 1.0000001, z: 0.9999989}
  m_Children:
  - {fileID: 4412152615431776}
  m_Father: {fileID: 4381934539900088}
  m_RootOrder: 0
  m_LocalEulerAnglesHint: {x: 0, y: 0, z: 0}
--- !u!4 &4381934539900088
Transform:
  m_ObjectHideFlags: 1
  m_CorrespondingSourceObject: {fileID: 0}
  m_PrefabInternal: {fileID: 100100000}
  m_GameObject: {fileID: 1492566075656714}
  m_LocalRotation: {x: -0.000000014837487, y: -0.0000000013760678, z: 0.995727, w: 0.09234625}
  m_LocalPosition: {x: 0.00040837756, y: -0.00038339905, z: 0.0011902573}
  m_LocalScale: {x: 1, y: 1, z: 1}
  m_Children:
  - {fileID: 4332660147524600}
  m_Father: {fileID: 4469351591662458}
  m_RootOrder: 0
  m_LocalEulerAnglesHint: {x: 0, y: 0, z: 0}
--- !u!4 &4392047592204672
Transform:
  m_ObjectHideFlags: 1
  m_CorrespondingSourceObject: {fileID: 0}
  m_PrefabInternal: {fileID: 100100000}
  m_GameObject: {fileID: 1496211769953728}
  m_LocalRotation: {x: 0.000000004656613, y: -0.0000001299195, z: -0.0000000018626454,
    w: 1}
  m_LocalPosition: {x: -0.00000030517577, y: 0.0010662841, z: -0.0000036621093}
  m_LocalScale: {x: 0.99999994, y: 1, z: 1}
  m_Children: []
  m_Father: {fileID: 4694537894044760}
  m_RootOrder: 0
  m_LocalEulerAnglesHint: {x: 0, y: 0, z: 0}
--- !u!4 &4412152615431776
Transform:
  m_ObjectHideFlags: 1
  m_CorrespondingSourceObject: {fileID: 0}
  m_PrefabInternal: {fileID: 100100000}
  m_GameObject: {fileID: 1095816792094314}
  m_LocalRotation: {x: 0.30043513, y: 0.00000006872974, z: 0.000000071677356, w: 0.9538022}
  m_LocalPosition: {x: 5.866127e-11, y: 0.0011348965, z: 4.6566126e-11}
  m_LocalScale: {x: 1, y: 1, z: 0.9999999}
  m_Children: []
  m_Father: {fileID: 4332660147524600}
  m_RootOrder: 0
  m_LocalEulerAnglesHint: {x: 0, y: 0, z: 0}
--- !u!4 &4434080456826886
Transform:
  m_ObjectHideFlags: 1
  m_CorrespondingSourceObject: {fileID: 0}
  m_PrefabInternal: {fileID: 100100000}
  m_GameObject: {fileID: 1366244914802650}
  m_LocalRotation: {x: -0, y: -0, z: -0, w: 1}
  m_LocalPosition: {x: 0, y: 0, z: 0}
  m_LocalScale: {x: 1, y: 1, z: 1}
  m_Children:
  - {fileID: 4953650597227526}
  - {fileID: 4707976196481886}
  - {fileID: 4471167085149756}
  m_Father: {fileID: 4966581561894366}
  m_RootOrder: 1
  m_LocalEulerAnglesHint: {x: 0, y: 0, z: 0}
--- !u!4 &4443403332126040
Transform:
  m_ObjectHideFlags: 1
  m_CorrespondingSourceObject: {fileID: 0}
  m_PrefabInternal: {fileID: 100100000}
  m_GameObject: {fileID: 1480704367723876}
  m_LocalRotation: {x: -0, y: -0, z: -0, w: 1}
  m_LocalPosition: {x: 0, y: 0, z: 0}
  m_LocalScale: {x: 1, y: 1, z: 1}
  m_Children: []
  m_Father: {fileID: 4707561897359760}
  m_RootOrder: 6
  m_LocalEulerAnglesHint: {x: 0, y: 0, z: 0}
--- !u!4 &4447174797109530
Transform:
  m_ObjectHideFlags: 1
  m_CorrespondingSourceObject: {fileID: 0}
  m_PrefabInternal: {fileID: 100100000}
  m_GameObject: {fileID: 1100836333992648}
  m_LocalRotation: {x: -0.021602202, y: 0.000000019322075, z: -0.000000012101134,
    w: 0.99976665}
  m_LocalPosition: {x: -5.2386893e-12, y: 0.001254457, z: 4.765752e-11}
  m_LocalScale: {x: 0.992849, y: 0.989241, z: 0.9928489}
  m_Children:
  - {fileID: 4330862469212628}
  - {fileID: 4305341878778426}
  - {fileID: 4992964376438736}
  - {fileID: 4898455463208866}
  - {fileID: 4588147132080750}
  - {fileID: 4650827887328582}
  m_Father: {fileID: 4530236198028942}
  m_RootOrder: 0
  m_LocalEulerAnglesHint: {x: 0, y: 0, z: 0}
--- !u!4 &4457587353830590
Transform:
  m_ObjectHideFlags: 1
  m_CorrespondingSourceObject: {fileID: 0}
  m_PrefabInternal: {fileID: 100100000}
  m_GameObject: {fileID: 1616693502401424}
  m_LocalRotation: {x: 0.6229612, y: 0.76761997, z: 0.14339933, w: 0.045994725}
  m_LocalPosition: {x: 0.00093266484, y: -0.001283872, z: 0.008204856}
  m_LocalScale: {x: 0.0010000003, y: 0.0009999997, z: 0.0010000002}
  m_Children:
  - {fileID: 4743278342519698}
  m_Father: {fileID: 4471167085149756}
  m_RootOrder: 2
  m_LocalEulerAnglesHint: {x: 0, y: 0, z: 0}
--- !u!4 &4469351591662458
Transform:
  m_ObjectHideFlags: 1
  m_CorrespondingSourceObject: {fileID: 0}
  m_PrefabInternal: {fileID: 100100000}
  m_GameObject: {fileID: 1159033885402580}
  m_LocalRotation: {x: -0.000000007450581, y: 1.1250065e-15, z: 1, w: -6.123233e-17}
  m_LocalPosition: {x: -0, y: 0, z: 0}
  m_LocalScale: {x: 1, y: 1, z: 1}
  m_Children:
  - {fileID: 4381934539900088}
  - {fileID: 4814105464183022}
  - {fileID: 4884658814363090}
  m_Father: {fileID: 4471167085149756}
  m_RootOrder: 4
  m_LocalEulerAnglesHint: {x: 0, y: 0, z: 0}
--- !u!4 &4471167085149756
Transform:
  m_ObjectHideFlags: 1
  m_CorrespondingSourceObject: {fileID: 0}
  m_PrefabInternal: {fileID: 100100000}
  m_GameObject: {fileID: 1951225959810102}
  m_LocalRotation: {x: -0.7071068, y: 0, z: -0, w: 0.7071067}
  m_LocalPosition: {x: -0, y: 0, z: 0}
  m_LocalScale: {x: 310, y: 310, z: 310}
  m_Children:
  - {fileID: 4044130260457468}
  - {fileID: 4581485241755582}
  - {fileID: 4457587353830590}
  - {fileID: 4904724677998388}
  - {fileID: 4469351591662458}
  - {fileID: 4624347301622150}
  m_Father: {fileID: 4434080456826886}
  m_RootOrder: 2
  m_LocalEulerAnglesHint: {x: 0, y: 0, z: 0}
--- !u!4 &4518998157243154
Transform:
  m_ObjectHideFlags: 1
  m_CorrespondingSourceObject: {fileID: 0}
  m_PrefabInternal: {fileID: 100100000}
  m_GameObject: {fileID: 1021480545662986}
  m_LocalRotation: {x: -0, y: -0, z: -0, w: 1}
  m_LocalPosition: {x: 0, y: 0, z: 0}
  m_LocalScale: {x: 1, y: 1, z: 1}
  m_Children: []
  m_Father: {fileID: 4707561897359760}
  m_RootOrder: 3
  m_LocalEulerAnglesHint: {x: 0, y: 0, z: 0}
--- !u!4 &4530236198028942
Transform:
  m_ObjectHideFlags: 1
  m_CorrespondingSourceObject: {fileID: 0}
  m_PrefabInternal: {fileID: 100100000}
  m_GameObject: {fileID: 1632701107793930}
  m_LocalRotation: {x: 0.6437943, y: -0.0030730583, z: 0.0017859233, w: 0.7651904}
  m_LocalPosition: {x: -6.475602e-12, y: 1.4988473e-10, z: -5.032825e-10}
  m_LocalScale: {x: 0.99999994, y: 1, z: 1}
  m_Children:
  - {fileID: 4447174797109530}
  m_Father: {fileID: 4884658814363090}
  m_RootOrder: 5
  m_LocalEulerAnglesHint: {x: 0, y: 0, z: 0}
--- !u!4 &4530917695099622
Transform:
  m_ObjectHideFlags: 1
  m_CorrespondingSourceObject: {fileID: 0}
  m_PrefabInternal: {fileID: 100100000}
  m_GameObject: {fileID: 1883591848904142}
  m_LocalRotation: {x: 0.8944272, y: -0.0000000589315, z: -0.44721362, w: 0.000000021179776}
  m_LocalPosition: {x: -0.000008204467, y: 0.005945834, z: -0.00007115611}
  m_LocalScale: {x: 0.0032258064, y: 0.0032258064, z: 0.0032258064}
  m_Children: []
  m_Father: {fileID: 4624347301622150}
  m_RootOrder: 0
  m_LocalEulerAnglesHint: {x: 0, y: 0, z: 0}
--- !u!4 &4562846431763782
Transform:
  m_ObjectHideFlags: 1
  m_CorrespondingSourceObject: {fileID: 0}
  m_PrefabInternal: {fileID: 100100000}
  m_GameObject: {fileID: 1713853971529066}
  m_LocalRotation: {x: 0, y: 0, z: 0, w: 1}
  m_LocalPosition: {x: 0, y: 0, z: 0}
  m_LocalScale: {x: 1, y: 1, z: 1}
  m_Children:
  - {fileID: 4792486802626708}
  - {fileID: 4059635770723280}
  m_Father: {fileID: 4248223697888916}
  m_RootOrder: 0
  m_LocalEulerAnglesHint: {x: 0, y: 0, z: 0}
--- !u!4 &4566984283434082
Transform:
  m_ObjectHideFlags: 1
  m_CorrespondingSourceObject: {fileID: 0}
  m_PrefabInternal: {fileID: 100100000}
  m_GameObject: {fileID: 1063204575200334}
  m_LocalRotation: {x: 0.30043513, y: -0.0000000746106, z: -0.00000007224058, w: 0.9538022}
  m_LocalPosition: {x: 1.5271251e-12, y: 0.0011348964, z: 5.5879353e-11}
  m_LocalScale: {x: 1, y: 1.0000001, z: 1}
  m_Children: []
  m_Father: {fileID: 4329329616579996}
  m_RootOrder: 0
  m_LocalEulerAnglesHint: {x: 0, y: 0, z: 0}
--- !u!4 &4581485241755582
Transform:
  m_ObjectHideFlags: 1
  m_CorrespondingSourceObject: {fileID: 0}
  m_PrefabInternal: {fileID: 100100000}
  m_GameObject: {fileID: 1394637960311774}
  m_LocalRotation: {x: -0.38591287, y: 0.12660134, z: -0.7271056, w: 0.5534987}
  m_LocalPosition: {x: 0.003222156, y: 0.0001519884, z: 0.007179891}
  m_LocalScale: {x: 0.9999999, y: 0.99999994, z: 0.9999998}
  m_Children: []
  m_Father: {fileID: 4471167085149756}
  m_RootOrder: 1
  m_LocalEulerAnglesHint: {x: 0, y: 0, z: 0}
--- !u!4 &4581764494293874
Transform:
  m_ObjectHideFlags: 1
  m_CorrespondingSourceObject: {fileID: 0}
  m_PrefabInternal: {fileID: 100100000}
  m_GameObject: {fileID: 1085188719471700}
  m_LocalRotation: {x: -0.18023163, y: 0.019230558, z: -0.04805363, w: 0.9822615}
  m_LocalPosition: {x: -1.7927959e-10, y: 0.0025539144, z: 1.6298145e-11}
  m_LocalScale: {x: 0.9999991, y: 0.9999989, z: 1.0000011}
  m_Children: []
  m_Father: {fileID: 4934420488193128}
  m_RootOrder: 0
  m_LocalEulerAnglesHint: {x: 0, y: 0, z: 0}
--- !u!4 &4588147132080750
Transform:
  m_ObjectHideFlags: 1
  m_CorrespondingSourceObject: {fileID: 0}
  m_PrefabInternal: {fileID: 100100000}
  m_GameObject: {fileID: 1987865001622130}
  m_LocalRotation: {x: -0.41522446, y: 0.4812855, z: 0.57623804, w: 0.51371455}
  m_LocalPosition: {x: -0.00019997607, y: 0.0008347778, z: 0.00036837647}
  m_LocalScale: {x: 0.99999994, y: 0.9999999, z: 0.9999999}
  m_Children:
  - {fileID: 4170302805686738}
  m_Father: {fileID: 4447174797109530}
  m_RootOrder: 4
  m_LocalEulerAnglesHint: {x: 0, y: 0, z: 0}
--- !u!4 &4619205383441344
Transform:
  m_ObjectHideFlags: 1
  m_CorrespondingSourceObject: {fileID: 0}
  m_PrefabInternal: {fileID: 100100000}
  m_GameObject: {fileID: 1155421530806580}
  m_LocalRotation: {x: -0.061716538, y: -0.047739066, z: -0.00204975, w: 0.9969493}
  m_LocalPosition: {x: 1.0244548e-10, y: 0.0013884846, z: -2.0489097e-10}
  m_LocalScale: {x: 1.0000001, y: 1.0000001, z: 1}
  m_Children:
  - {fileID: 4870995970766256}
  - {fileID: 4946940227035132}
  m_Father: {fileID: 4698069423773436}
  m_RootOrder: 0
  m_LocalEulerAnglesHint: {x: 0, y: 0, z: 0}
--- !u!4 &4624347301622150
Transform:
  m_ObjectHideFlags: 1
  m_CorrespondingSourceObject: {fileID: 0}
  m_PrefabInternal: {fileID: 100100000}
  m_GameObject: {fileID: 1599334134100292}
  m_LocalRotation: {x: -0.6324556, y: -0.3162277, z: 0.31622785, w: 0.63245547}
  m_LocalPosition: {x: -0.00015048045, y: -0.000016513197, z: 0.005934352}
  m_LocalScale: {x: 1, y: 1, z: 1}
  m_Children:
  - {fileID: 4530917695099622}
  m_Father: {fileID: 4471167085149756}
  m_RootOrder: 5
  m_LocalEulerAnglesHint: {x: 0, y: 0, z: 0}
--- !u!4 &4631081106514970
Transform:
  m_ObjectHideFlags: 1
  m_CorrespondingSourceObject: {fileID: 0}
  m_PrefabInternal: {fileID: 100100000}
  m_GameObject: {fileID: 1115069010205566}
  m_LocalRotation: {x: -0.67004895, y: -0.005759489, z: -0.006380053, w: 0.7422672}
  m_LocalPosition: {x: -2.2962922e-10, y: 0.0016380769, z: -0.0020302476}
  m_LocalScale: {x: 1, y: 1, z: 1}
  m_Children: []
  m_Father: {fileID: 4884658814363090}
  m_RootOrder: 3
  m_LocalEulerAnglesHint: {x: 0, y: 0, z: 0}
--- !u!4 &4640664151549890
Transform:
  m_ObjectHideFlags: 1
  m_CorrespondingSourceObject: {fileID: 0}
  m_PrefabInternal: {fileID: 100100000}
  m_GameObject: {fileID: 1555486256263400}
  m_LocalRotation: {x: 0.7071067, y: -0.000000022390516, z: 0.000000011853798, w: 0.7071068}
  m_LocalPosition: {x: -0.00000015258789, y: 0.001369113, z: 0}
  m_LocalScale: {x: 0.0032258062, y: 0.0032258069, z: 0.003225806}
  m_Children: []
  m_Father: {fileID: 4904724677998388}
  m_RootOrder: 0
  m_LocalEulerAnglesHint: {x: 0, y: 0, z: 0}
--- !u!4 &4650827887328582
Transform:
  m_ObjectHideFlags: 1
  m_CorrespondingSourceObject: {fileID: 0}
  m_PrefabInternal: {fileID: 100100000}
  m_GameObject: {fileID: 1186206165317758}
  m_LocalRotation: {x: -0.45193118, y: -0.43342742, z: -0.5533701, w: 0.5492544}
  m_LocalPosition: {x: 0.00019997646, y: 0.00083477783, z: 0.00036837644}
  m_LocalScale: {x: 0.99999994, y: 1, z: 0.9999998}
  m_Children:
  - {fileID: 4892705553187710}
  m_Father: {fileID: 4447174797109530}
  m_RootOrder: 5
  m_LocalEulerAnglesHint: {x: 0, y: 0, z: 0}
--- !u!4 &4655247155700404
Transform:
  m_ObjectHideFlags: 1
  m_CorrespondingSourceObject: {fileID: 0}
  m_PrefabInternal: {fileID: 100100000}
  m_GameObject: {fileID: 1600584561310566}
  m_LocalRotation: {x: -0, y: -0, z: -0, w: 1}
  m_LocalPosition: {x: 0, y: 0, z: 0}
  m_LocalScale: {x: 1, y: 1, z: 1}
  m_Children: []
  m_Father: {fileID: 4707561897359760}
  m_RootOrder: 5
  m_LocalEulerAnglesHint: {x: 0, y: 0, z: 0}
--- !u!4 &4680175665724358
Transform:
  m_ObjectHideFlags: 1
  m_CorrespondingSourceObject: {fileID: 0}
  m_PrefabInternal: {fileID: 100100000}
  m_GameObject: {fileID: 1209422594541638}
  m_LocalRotation: {x: -0.70482254, y: 0.059030425, z: 0.056790594, w: 0.70463854}
  m_LocalPosition: {x: -0.0017027416, y: 0.00008531533, z: -0.0020302478}
  m_LocalScale: {x: 0.9999998, y: 0.99999994, z: 1}
  m_Children: []
  m_Father: {fileID: 4884658814363090}
  m_RootOrder: 1
  m_LocalEulerAnglesHint: {x: 0, y: 0, z: 0}
--- !u!4 &4694537894044760
Transform:
  m_ObjectHideFlags: 1
  m_CorrespondingSourceObject: {fileID: 0}
  m_PrefabInternal: {fileID: 100100000}
  m_GameObject: {fileID: 1682394841232970}
  m_LocalRotation: {x: -0.0000000037252899, y: 0.000000053085383, z: 0.0000000037252903,
    w: 1}
  m_LocalPosition: {x: -0.0000012207031, y: 0.0011444092, z: 0.00000030517577}
  m_LocalScale: {x: 1, y: 1, z: 1.0000001}
  m_Children:
  - {fileID: 4392047592204672}
  m_Father: {fileID: 4743278342519698}
  m_RootOrder: 0
  m_LocalEulerAnglesHint: {x: 0, y: 0, z: 0}
--- !u!4 &4698069423773436
Transform:
  m_ObjectHideFlags: 1
  m_CorrespondingSourceObject: {fileID: 0}
  m_PrefabInternal: {fileID: 100100000}
  m_GameObject: {fileID: 1695734534541880}
  m_LocalRotation: {x: -0.26651984, y: 0.47674897, z: -0.34723258, w: 0.7623038}
  m_LocalPosition: {x: -7.4505804e-11, y: 0.0015196457, z: 2.3515895e-10}
  m_LocalScale: {x: 1, y: 1.0000005, z: 1.0000004}
  m_Children:
  - {fileID: 4619205383441344}
  m_Father: {fileID: 4892705553187710}
  m_RootOrder: 0
  m_LocalEulerAnglesHint: {x: 0, y: 0, z: 0}
--- !u!4 &4707561897359760
Transform:
  m_ObjectHideFlags: 1
  m_CorrespondingSourceObject: {fileID: 0}
  m_PrefabInternal: {fileID: 100100000}
  m_GameObject: {fileID: 1942713390950352}
  m_LocalRotation: {x: -0, y: -0, z: -0, w: 1}
  m_LocalPosition: {x: 0, y: 0, z: 0}
  m_LocalScale: {x: 1, y: 1, z: 1}
  m_Children:
  - {fileID: 4880539606504374}
  - {fileID: 4720906352431424}
  - {fileID: 4863792125545502}
  - {fileID: 4518998157243154}
  - {fileID: 4006198987440084}
  - {fileID: 4655247155700404}
  - {fileID: 4443403332126040}
  - {fileID: 4949256603291452}
  m_Father: {fileID: 4966581561894366}
  m_RootOrder: 0
  m_LocalEulerAnglesHint: {x: 0, y: 0, z: 0}
--- !u!4 &4707976196481886
Transform:
  m_ObjectHideFlags: 1
  m_CorrespondingSourceObject: {fileID: 0}
  m_PrefabInternal: {fileID: 100100000}
  m_GameObject: {fileID: 1738901578456162}
  m_LocalRotation: {x: 0, y: -0, z: -0, w: 1}
  m_LocalPosition: {x: -0, y: 0, z: 0}
  m_LocalScale: {x: 1, y: 1, z: 1}
  m_Children: []
  m_Father: {fileID: 4434080456826886}
  m_RootOrder: 1
  m_LocalEulerAnglesHint: {x: 0, y: 0, z: 0}
--- !u!4 &4709187107078506
Transform:
  m_ObjectHideFlags: 1
  m_CorrespondingSourceObject: {fileID: 0}
  m_PrefabInternal: {fileID: 100100000}
  m_GameObject: {fileID: 1037102984396078}
  m_LocalRotation: {x: -0.52938974, y: -0.27951944, z: 0.7540272, w: -0.27029318}
  m_LocalPosition: {x: 2.561137e-11, y: 0.0015754141, z: -1.8582795e-10}
  m_LocalScale: {x: 0.9999997, y: 0.99999994, z: 0.9999999}
  m_Children:
  - {fileID: 4831887976269006}
  m_Father: {fileID: 4254287319042218}
  m_RootOrder: 1
  m_LocalEulerAnglesHint: {x: 0, y: 0, z: 0}
--- !u!4 &4713630269395972
Transform:
  m_ObjectHideFlags: 1
  m_CorrespondingSourceObject: {fileID: 0}
  m_PrefabInternal: {fileID: 100100000}
  m_GameObject: {fileID: 1164523078303720}
  m_LocalRotation: {x: -0.45659846, y: 0.2937944, z: 0.33257324, w: 0.77110165}
  m_LocalPosition: {x: -0.00028642654, y: 0.00026088097, z: -0.00011323175}
  m_LocalScale: {x: 1.0000002, y: 1, z: 1.0000001}
  m_Children: []
  m_Father: {fileID: 4287665616109176}
  m_RootOrder: 1
  m_LocalEulerAnglesHint: {x: 0, y: 0, z: 0}
--- !u!4 &4719321073682326
Transform:
  m_ObjectHideFlags: 1
  m_CorrespondingSourceObject: {fileID: 0}
  m_PrefabInternal: {fileID: 100100000}
  m_GameObject: {fileID: 1631135306415180}
  m_LocalRotation: {x: 0.018207133, y: 0.964563, z: 0.2539799, w: 0.06914475}
  m_LocalPosition: {x: -0.00047367203, y: 0.0010694066, z: 0.00074516836}
  m_LocalScale: {x: 1, y: 1.0000002, z: 0.99999994}
  m_Children: []
  m_Father: {fileID: 4966771670432766}
  m_RootOrder: 0
  m_LocalEulerAnglesHint: {x: 0, y: 0, z: 0}
--- !u!4 &4720906352431424
Transform:
  m_ObjectHideFlags: 1
  m_CorrespondingSourceObject: {fileID: 0}
  m_PrefabInternal: {fileID: 100100000}
  m_GameObject: {fileID: 1716501678322642}
  m_LocalRotation: {x: 0, y: 0, z: 0, w: 1}
  m_LocalPosition: {x: 0, y: 0, z: 0}
  m_LocalScale: {x: 1, y: 1, z: 1}
  m_Children: []
  m_Father: {fileID: 4707561897359760}
  m_RootOrder: 1
  m_LocalEulerAnglesHint: {x: 0, y: 0, z: 0}
--- !u!4 &4743278342519698
Transform:
  m_ObjectHideFlags: 1
  m_CorrespondingSourceObject: {fileID: 0}
  m_PrefabInternal: {fileID: 100100000}
  m_GameObject: {fileID: 1420290395422380}
  m_LocalRotation: {x: 1, y: 0.0000000058088, z: -0.00000019120625, w: 1.0494465e-15}
  m_LocalPosition: {x: 0.000000114440915, y: -0.002782116, z: 0.0000004196167}
  m_LocalScale: {x: 0.06012363, y: 0.060123615, z: 0.060123626}
  m_Children:
  - {fileID: 4694537894044760}
  m_Father: {fileID: 4457587353830590}
  m_RootOrder: 0
  m_LocalEulerAnglesHint: {x: 0, y: 0, z: 0}
--- !u!4 &4792486802626708
Transform:
  m_ObjectHideFlags: 1
  m_CorrespondingSourceObject: {fileID: 0}
  m_PrefabInternal: {fileID: 100100000}
  m_GameObject: {fileID: 1654725348273512}
  m_LocalRotation: {x: -0, y: -0, z: -0, w: 1}
  m_LocalPosition: {x: 0, y: 3, z: 0}
  m_LocalScale: {x: 1, y: 1, z: 1}
  m_Children: []
  m_Father: {fileID: 4562846431763782}
  m_RootOrder: 0
  m_LocalEulerAnglesHint: {x: 0, y: 0, z: 0}
--- !u!4 &4814105464183022
Transform:
  m_ObjectHideFlags: 1
  m_CorrespondingSourceObject: {fileID: 0}
  m_PrefabInternal: {fileID: 100100000}
  m_GameObject: {fileID: 1419462333898294}
  m_LocalRotation: {x: -1.5657518e-10, y: 0.0000000056312617, z: 0.984242, w: -0.1768265}
  m_LocalPosition: {x: -0.00046050246, y: -0.0001860857, z: 0.0011902573}
  m_LocalScale: {x: 0.99999994, y: 0.99999994, z: 1}
  m_Children:
  - {fileID: 4329329616579996}
  m_Father: {fileID: 4469351591662458}
  m_RootOrder: 1
  m_LocalEulerAnglesHint: {x: 0, y: 0, z: 0}
--- !u!4 &4831627659861086
Transform:
  m_ObjectHideFlags: 1
  m_CorrespondingSourceObject: {fileID: 0}
  m_PrefabInternal: {fileID: 100100000}
  m_GameObject: {fileID: 1036776915474320}
  m_LocalRotation: {x: -0.32047385, y: 0.0026930957, z: 0.0013463113, w: 0.94725263}
  m_LocalPosition: {x: -1.0477379e-10, y: 0.0006851453, z: -7.799826e-11}
  m_LocalScale: {x: 1, y: 1.0000001, z: 1}
  m_Children: []
  m_Father: {fileID: 4287665616109176}
  m_RootOrder: 0
  m_LocalEulerAnglesHint: {x: 0, y: 0, z: 0}
--- !u!4 &4831887976269006
Transform:
  m_ObjectHideFlags: 1
  m_CorrespondingSourceObject: {fileID: 0}
  m_PrefabInternal: {fileID: 100100000}
  m_GameObject: {fileID: 1460248294606806}
  m_LocalRotation: {x: 0.81049263, y: -0.043915287, z: 0.38738823, w: -0.43715385}
  m_LocalPosition: {x: -0.00025618213, y: 0.0009933701, z: -0.00017350142}
  m_LocalScale: {x: 1.0000002, y: 1.0000017, z: 1.0000029}
  m_Children:
  - {fileID: 4119392516617998}
  m_Father: {fileID: 4709187107078506}
  m_RootOrder: 0
  m_LocalEulerAnglesHint: {x: 0, y: 0, z: 0}
--- !u!4 &4840928198209338
Transform:
  m_ObjectHideFlags: 1
  m_CorrespondingSourceObject: {fileID: 0}
  m_PrefabInternal: {fileID: 100100000}
  m_GameObject: {fileID: 1613623563639712}
  m_LocalRotation: {x: -0.21834701, y: -0.49412313, z: 0.3392381, w: 0.7701197}
  m_LocalPosition: {x: 1.3969838e-10, y: 0.0015196465, z: 3.4924594e-11}
  m_LocalScale: {x: 1.0000001, y: 1.0000005, z: 1.0000005}
  m_Children:
  - {fileID: 4287665616109176}
  m_Father: {fileID: 4170302805686738}
  m_RootOrder: 0
  m_LocalEulerAnglesHint: {x: 0, y: 0, z: 0}
--- !u!4 &4863792125545502
Transform:
  m_ObjectHideFlags: 1
  m_CorrespondingSourceObject: {fileID: 0}
  m_PrefabInternal: {fileID: 100100000}
  m_GameObject: {fileID: 1845869655534154}
  m_LocalRotation: {x: 0, y: 0, z: 0, w: 1}
  m_LocalPosition: {x: 0, y: 0, z: 0}
  m_LocalScale: {x: 1, y: 1, z: 1}
  m_Children: []
  m_Father: {fileID: 4707561897359760}
  m_RootOrder: 2
  m_LocalEulerAnglesHint: {x: 0, y: 0, z: 0}
--- !u!4 &4870995970766256
Transform:
  m_ObjectHideFlags: 1
  m_CorrespondingSourceObject: {fileID: 0}
  m_PrefabInternal: {fileID: 100100000}
  m_GameObject: {fileID: 1081048907280854}
  m_LocalRotation: {x: -0.32785854, y: -0.0026824973, z: -0.0013673027, w: 0.94472206}
  m_LocalPosition: {x: -2.2351741e-10, y: 0.00068514515, z: -3.72529e-10}
  m_LocalScale: {x: 1, y: 1.0000001, z: 1.0000001}
  m_Children: []
  m_Father: {fileID: 4619205383441344}
  m_RootOrder: 0
  m_LocalEulerAnglesHint: {x: 0, y: 0, z: 0}
--- !u!4 &4880539606504374
Transform:
  m_ObjectHideFlags: 1
  m_CorrespondingSourceObject: {fileID: 0}
  m_PrefabInternal: {fileID: 100100000}
  m_GameObject: {fileID: 1641501414781418}
  m_LocalRotation: {x: 0, y: 0, z: 0, w: 1}
  m_LocalPosition: {x: 0, y: 0, z: 0}
  m_LocalScale: {x: 1, y: 1, z: 1}
  m_Children: []
  m_Father: {fileID: 4707561897359760}
  m_RootOrder: 0
  m_LocalEulerAnglesHint: {x: 0, y: 0, z: 0}
--- !u!4 &4884658814363090
Transform:
  m_ObjectHideFlags: 1
  m_CorrespondingSourceObject: {fileID: 0}
  m_PrefabInternal: {fileID: 100100000}
  m_GameObject: {fileID: 1337670816025400}
  m_LocalRotation: {x: 0.0004897346, y: 0.0011875549, z: 0.9999732, w: 0.0072138617}
  m_LocalPosition: {x: 0.000061397826, y: 0.000046943762, z: 0.0069349413}
  m_LocalScale: {x: 1, y: 1, z: 1}
  m_Children:
  - {fileID: 4264995718665698}
  - {fileID: 4680175665724358}
  - {fileID: 4233261171199112}
  - {fileID: 4631081106514970}
  - {fileID: 4254287319042218}
  - {fileID: 4530236198028942}
  m_Father: {fileID: 4469351591662458}
  m_RootOrder: 2
  m_LocalEulerAnglesHint: {x: 0, y: 0, z: 0}
--- !u!4 &4892705553187710
Transform:
  m_ObjectHideFlags: 1
  m_CorrespondingSourceObject: {fileID: 0}
  m_PrefabInternal: {fileID: 100100000}
  m_GameObject: {fileID: 1420383133805210}
  m_LocalRotation: {x: -0.59791285, y: -0.111420006, z: -0.16511731, w: 0.77641624}
  m_LocalPosition: {x: -0.000028727132, y: 0.0010076046, z: -0.00017743302}
  m_LocalScale: {x: 1.0000001, y: 1, z: 1.0000001}
  m_Children:
  - {fileID: 4698069423773436}
  m_Father: {fileID: 4650827887328582}
  m_RootOrder: 0
  m_LocalEulerAnglesHint: {x: 0, y: 0, z: 0}
--- !u!4 &4898455463208866
Transform:
  m_ObjectHideFlags: 1
  m_CorrespondingSourceObject: {fileID: 0}
  m_PrefabInternal: {fileID: 100100000}
  m_GameObject: {fileID: 1295817677904108}
  m_LocalRotation: {x: 0.15475579, y: 0.0007498532, z: -0.0069737863, w: 0.9879279}
  m_LocalPosition: {x: -0, y: 0.0013818871, z: 1.4406396e-10}
  m_LocalScale: {x: 0.99999994, y: 0.9999999, z: 0.9999999}
  m_Children:
  - {fileID: 4966771670432766}
  m_Father: {fileID: 4447174797109530}
  m_RootOrder: 3
  m_LocalEulerAnglesHint: {x: 0, y: 0, z: 0}
--- !u!4 &4904724677998388
Transform:
  m_ObjectHideFlags: 1
  m_CorrespondingSourceObject: {fileID: 0}
  m_PrefabInternal: {fileID: 100100000}
  m_GameObject: {fileID: 1771210621720108}
  m_LocalRotation: {x: 0.10128541, y: -0.0012094766, z: -0.007128641, w: 0.99483114}
  m_LocalPosition: {x: -0.00006139793, y: -0.000046943613, z: 0.0069349413}
  m_LocalScale: {x: 0.0010000006, y: 0.0010000007, z: 0.0010000009}
  m_Children:
  - {fileID: 4640664151549890}
  m_Father: {fileID: 4471167085149756}
  m_RootOrder: 3
  m_LocalEulerAnglesHint: {x: 0, y: 0, z: 0}
--- !u!4 &4932639792721340
Transform:
  m_ObjectHideFlags: 1
  m_CorrespondingSourceObject: {fileID: 0}
  m_PrefabInternal: {fileID: 100100000}
  m_GameObject: {fileID: 1086427591621494}
  m_LocalRotation: {x: -0.018206414, y: 0.9645629, z: 0.25397992, w: -0.06914565}
  m_LocalPosition: {x: 0.00047367284, y: 0.0010694077, z: 0.00074516796}
  m_LocalScale: {x: 1, y: 1.0000002, z: 0.99999994}
  m_Children: []
  m_Father: {fileID: 4966771670432766}
  m_RootOrder: 1
  m_LocalEulerAnglesHint: {x: 0, y: 0, z: 0}
--- !u!4 &4934420488193128
Transform:
  m_ObjectHideFlags: 1
  m_CorrespondingSourceObject: {fileID: 0}
  m_PrefabInternal: {fileID: 100100000}
  m_GameObject: {fileID: 1326628143303364}
  m_LocalRotation: {x: 0.70251393, y: 0.12377611, z: -0.60306054, w: -0.35703164}
  m_LocalPosition: {x: 0.00025363776, y: 0.000988028, z: -0.00017517585}
  m_LocalScale: {x: 1.0000002, y: 1.0000007, z: 1.0000002}
  m_Children:
  - {fileID: 4581764494293874}
  m_Father: {fileID: 4123634474747628}
  m_RootOrder: 0
  m_LocalEulerAnglesHint: {x: 0, y: 0, z: 0}
--- !u!4 &4946940227035132
Transform:
  m_ObjectHideFlags: 1
  m_CorrespondingSourceObject: {fileID: 0}
  m_PrefabInternal: {fileID: 100100000}
  m_GameObject: {fileID: 1163687483074028}
  m_LocalRotation: {x: -0.36361328, y: -0.4011327, z: -0.026268324, w: 0.84034985}
  m_LocalPosition: {x: 0.0002864271, y: 0.0002608814, z: -0.000113231574}
  m_LocalScale: {x: 1, y: 1, z: 1}
  m_Children: []
  m_Father: {fileID: 4619205383441344}
  m_RootOrder: 1
  m_LocalEulerAnglesHint: {x: 0, y: 0, z: 0}
--- !u!4 &4949256603291452
Transform:
  m_ObjectHideFlags: 1
  m_CorrespondingSourceObject: {fileID: 0}
  m_PrefabInternal: {fileID: 100100000}
  m_GameObject: {fileID: 1013272649141328}
  m_LocalRotation: {x: -0, y: -0, z: -0, w: 1}
  m_LocalPosition: {x: 0, y: 0, z: 0}
  m_LocalScale: {x: 1, y: 1, z: 1}
  m_Children: []
  m_Father: {fileID: 4707561897359760}
  m_RootOrder: 7
  m_LocalEulerAnglesHint: {x: 0, y: 0, z: 0}
--- !u!4 &4953650597227526
Transform:
  m_ObjectHideFlags: 1
  m_CorrespondingSourceObject: {fileID: 0}
  m_PrefabInternal: {fileID: 100100000}
  m_GameObject: {fileID: 1272127612942198}
  m_LocalRotation: {x: 0, y: -0, z: -0, w: 1}
  m_LocalPosition: {x: 0.808, y: 0, z: 0}
  m_LocalScale: {x: 1, y: 1, z: 1}
  m_Children: []
  m_Father: {fileID: 4434080456826886}
  m_RootOrder: 0
  m_LocalEulerAnglesHint: {x: 0, y: 0, z: 0}
--- !u!4 &4966581561894366
Transform:
  m_ObjectHideFlags: 1
  m_CorrespondingSourceObject: {fileID: 0}
  m_PrefabInternal: {fileID: 100100000}
  m_GameObject: {fileID: 1973265048402908}
  m_LocalRotation: {x: 0, y: 0, z: 0, w: 1}
  m_LocalPosition: {x: 0, y: 0, z: 0}
  m_LocalScale: {x: 1, y: 1, z: 1}
  m_Children:
  - {fileID: 4707561897359760}
  - {fileID: 4434080456826886}
  m_Father: {fileID: 4059635770723280}
  m_RootOrder: 0
  m_LocalEulerAnglesHint: {x: 0, y: 0, z: 0}
--- !u!4 &4966771670432766
Transform:
  m_ObjectHideFlags: 1
  m_CorrespondingSourceObject: {fileID: 0}
  m_PrefabInternal: {fileID: 100100000}
  m_GameObject: {fileID: 1858964585067348}
  m_LocalRotation: {x: -0.00009255608, y: -0.000000034458942, z: 0.00000004062895,
    w: 1}
  m_LocalPosition: {x: -1.3969838e-11, y: 0.0003870376, z: -1.2456439e-10}
  m_LocalScale: {x: 1, y: 1, z: 1}
  m_Children:
  - {fileID: 4719321073682326}
  - {fileID: 4932639792721340}
  m_Father: {fileID: 4898455463208866}
  m_RootOrder: 0
  m_LocalEulerAnglesHint: {x: 0, y: 0, z: 0}
--- !u!4 &4992964376438736
Transform:
  m_ObjectHideFlags: 1
  m_CorrespondingSourceObject: {fileID: 0}
  m_PrefabInternal: {fileID: 100100000}
  m_GameObject: {fileID: 1103985725566760}
  m_LocalRotation: {x: -0.62985015, y: 0.000000104964435, z: 0.000000102747165, w: 0.7767167}
  m_LocalPosition: {x: 0.002252055, y: 0.00088023837, z: -0.0050193267}
  m_LocalScale: {x: 1, y: 0.9999999, z: 0.9999999}
  m_Children: []
  m_Father: {fileID: 4447174797109530}
  m_RootOrder: 2
  m_LocalEulerAnglesHint: {x: 0, y: 0, z: 0}
--- !u!23 &23028020030650970
MeshRenderer:
  m_ObjectHideFlags: 1
  m_CorrespondingSourceObject: {fileID: 0}
  m_PrefabInternal: {fileID: 100100000}
  m_GameObject: {fileID: 1716501678322642}
  m_Enabled: 1
  m_CastShadows: 1
  m_ReceiveShadows: 0
  m_DynamicOccludee: 1
  m_MotionVectors: 1
  m_LightProbeUsage: 1
  m_ReflectionProbeUsage: 1
  m_RenderingLayerMask: 4294967295
  m_Materials:
  - {fileID: 0}
  m_StaticBatchInfo:
    firstSubMesh: 0
    subMeshCount: 0
  m_StaticBatchRoot: {fileID: 0}
  m_ProbeAnchor: {fileID: 0}
  m_LightProbeVolumeOverride: {fileID: 0}
  m_ScaleInLightmap: 1
  m_PreserveUVs: 0
  m_IgnoreNormalsForChartDetection: 0
  m_ImportantGI: 0
  m_StitchLightmapSeams: 0
  m_SelectedEditorRenderState: 3
  m_MinimumChartSize: 4
  m_AutoUVMaxDistance: 0.5
  m_AutoUVMaxAngle: 89
  m_LightmapParameters: {fileID: 0}
  m_SortingLayerID: -559774461
  m_SortingLayer: 3
  m_SortingOrder: 0
--- !u!23 &23087972760533312
MeshRenderer:
  m_ObjectHideFlags: 1
  m_CorrespondingSourceObject: {fileID: 0}
  m_PrefabInternal: {fileID: 100100000}
  m_GameObject: {fileID: 1555486256263400}
  m_Enabled: 1
  m_CastShadows: 1
  m_ReceiveShadows: 1
  m_DynamicOccludee: 1
  m_MotionVectors: 1
  m_LightProbeUsage: 1
  m_ReflectionProbeUsage: 1
  m_RenderingLayerMask: 4294967295
  m_Materials:
  - {fileID: 2100000, guid: d4a37f7758b78f149b24869ece10ab14, type: 2}
  m_StaticBatchInfo:
    firstSubMesh: 0
    subMeshCount: 0
  m_StaticBatchRoot: {fileID: 0}
  m_ProbeAnchor: {fileID: 0}
  m_LightProbeVolumeOverride: {fileID: 0}
  m_ScaleInLightmap: 1
  m_PreserveUVs: 0
  m_IgnoreNormalsForChartDetection: 0
  m_ImportantGI: 0
  m_StitchLightmapSeams: 0
  m_SelectedEditorRenderState: 3
  m_MinimumChartSize: 4
  m_AutoUVMaxDistance: 0.5
  m_AutoUVMaxAngle: 89
  m_LightmapParameters: {fileID: 0}
  m_SortingLayerID: -559774461
  m_SortingLayer: 3
  m_SortingOrder: 0
--- !u!23 &23141879416845156
MeshRenderer:
  m_ObjectHideFlags: 1
  m_CorrespondingSourceObject: {fileID: 0}
  m_PrefabInternal: {fileID: 100100000}
  m_GameObject: {fileID: 1641501414781418}
  m_Enabled: 1
  m_CastShadows: 1
  m_ReceiveShadows: 0
  m_DynamicOccludee: 1
  m_MotionVectors: 1
  m_LightProbeUsage: 1
  m_ReflectionProbeUsage: 1
  m_RenderingLayerMask: 4294967295
  m_Materials:
  - {fileID: 0}
  m_StaticBatchInfo:
    firstSubMesh: 0
    subMeshCount: 0
  m_StaticBatchRoot: {fileID: 0}
  m_ProbeAnchor: {fileID: 0}
  m_LightProbeVolumeOverride: {fileID: 0}
  m_ScaleInLightmap: 1
  m_PreserveUVs: 0
  m_IgnoreNormalsForChartDetection: 0
  m_ImportantGI: 0
  m_StitchLightmapSeams: 0
  m_SelectedEditorRenderState: 3
  m_MinimumChartSize: 4
  m_AutoUVMaxDistance: 0.5
  m_AutoUVMaxAngle: 89
  m_LightmapParameters: {fileID: 0}
  m_SortingLayerID: -559774461
  m_SortingLayer: 3
  m_SortingOrder: 0
--- !u!23 &23812136840554300
MeshRenderer:
  m_ObjectHideFlags: 1
  m_CorrespondingSourceObject: {fileID: 0}
  m_PrefabInternal: {fileID: 100100000}
  m_GameObject: {fileID: 1883591848904142}
  m_Enabled: 1
  m_CastShadows: 1
  m_ReceiveShadows: 1
  m_DynamicOccludee: 1
  m_MotionVectors: 1
  m_LightProbeUsage: 1
  m_ReflectionProbeUsage: 1
  m_RenderingLayerMask: 4294967295
  m_Materials:
  - {fileID: 2100000, guid: 17cc5c9c269f9a24aa5b7714fdc82f37, type: 2}
  m_StaticBatchInfo:
    firstSubMesh: 0
    subMeshCount: 0
  m_StaticBatchRoot: {fileID: 0}
  m_ProbeAnchor: {fileID: 0}
  m_LightProbeVolumeOverride: {fileID: 0}
  m_ScaleInLightmap: 1
  m_PreserveUVs: 0
  m_IgnoreNormalsForChartDetection: 0
  m_ImportantGI: 0
  m_StitchLightmapSeams: 0
  m_SelectedEditorRenderState: 3
  m_MinimumChartSize: 4
  m_AutoUVMaxDistance: 0.5
  m_AutoUVMaxAngle: 89
  m_LightmapParameters: {fileID: 0}
  m_SortingLayerID: -559774461
  m_SortingLayer: 3
  m_SortingOrder: 0
--- !u!33 &33009737809810618
MeshFilter:
  m_ObjectHideFlags: 1
  m_CorrespondingSourceObject: {fileID: 0}
  m_PrefabInternal: {fileID: 100100000}
  m_GameObject: {fileID: 1555486256263400}
  m_Mesh: {fileID: 4300002, guid: 21f342dc5d3c9f04fba7d81c270c43ed, type: 3}
--- !u!33 &33491423245267666
MeshFilter:
  m_ObjectHideFlags: 1
  m_CorrespondingSourceObject: {fileID: 0}
  m_PrefabInternal: {fileID: 100100000}
  m_GameObject: {fileID: 1716501678322642}
  m_Mesh: {fileID: 0}
--- !u!33 &33770403569967298
MeshFilter:
  m_ObjectHideFlags: 1
  m_CorrespondingSourceObject: {fileID: 0}
  m_PrefabInternal: {fileID: 100100000}
  m_GameObject: {fileID: 1641501414781418}
  m_Mesh: {fileID: 0}
--- !u!33 &33830259747425424
MeshFilter:
  m_ObjectHideFlags: 1
  m_CorrespondingSourceObject: {fileID: 0}
  m_PrefabInternal: {fileID: 100100000}
  m_GameObject: {fileID: 1883591848904142}
  m_Mesh: {fileID: 4300000, guid: 21f342dc5d3c9f04fba7d81c270c43ed, type: 3}
--- !u!95 &95114636201907196
Animator:
  serializedVersion: 3
  m_ObjectHideFlags: 1
  m_CorrespondingSourceObject: {fileID: 0}
  m_PrefabInternal: {fileID: 100100000}
  m_GameObject: {fileID: 1883962194521020}
  m_Enabled: 1
  m_Avatar: {fileID: 0}
  m_Controller: {fileID: 0}
  m_CullingMode: 0
  m_UpdateMode: 0
  m_ApplyRootMotion: 0
  m_LinearVelocityBlending: 0
  m_WarningMessage: 
  m_HasTransformHierarchy: 1
  m_AllowConstantClipSamplingOptimization: 1
  m_KeepAnimatorControllerStateOnDisable: 0
--- !u!95 &95737064421422488
Animator:
  serializedVersion: 3
  m_ObjectHideFlags: 1
  m_CorrespondingSourceObject: {fileID: 0}
  m_PrefabInternal: {fileID: 100100000}
  m_GameObject: {fileID: 1366244914802650}
  m_Enabled: 1
  m_Avatar: {fileID: 9000000, guid: 21f342dc5d3c9f04fba7d81c270c43ed, type: 3}
  m_Controller: {fileID: 9100000, guid: fe5a72c1d8c7d48938d6ba769ba805ba, type: 2}
  m_CullingMode: 1
  m_UpdateMode: 0
  m_ApplyRootMotion: 1
  m_LinearVelocityBlending: 0
  m_WarningMessage: 
  m_HasTransformHierarchy: 1
  m_AllowConstantClipSamplingOptimization: 1
  m_KeepAnimatorControllerStateOnDisable: 0
--- !u!111 &111996796431382714
Animation:
  m_ObjectHideFlags: 1
  m_CorrespondingSourceObject: {fileID: 0}
  m_PrefabInternal: {fileID: 100100000}
  m_GameObject: {fileID: 1713853971529066}
  m_Enabled: 1
  serializedVersion: 3
  m_Animation: {fileID: 0}
  m_Animations:
  - {fileID: 7400000, guid: 57396c6b1d59c2c4f80c46393d27b81b, type: 2}
  - {fileID: 7400000, guid: 4f9e696e3c54c314fae20dfbac13a6de, type: 2}
  m_WrapMode: 0
  m_PlayAutomatically: 0
  m_AnimatePhysics: 0
  m_CullingType: 0
--- !u!114 &114022123500728118
MonoBehaviour:
  m_ObjectHideFlags: 1
  m_CorrespondingSourceObject: {fileID: 0}
  m_PrefabInternal: {fileID: 100100000}
  m_GameObject: {fileID: 1883962194521020}
  m_Enabled: 1
  m_EditorHideFlags: 0
  m_Script: {fileID: 11500000, guid: 2a63de67b85466b40904fb191a837929, type: 3}
  m_Name: 
  m_EditorClassIdentifier: 
  _movable: {fileID: 114023941923484104}
--- !u!114 &114023941923484104
MonoBehaviour:
  m_ObjectHideFlags: 1
  m_CorrespondingSourceObject: {fileID: 0}
  m_PrefabInternal: {fileID: 100100000}
  m_GameObject: {fileID: 1577766109073754}
  m_Enabled: 1
  m_EditorHideFlags: 0
  m_Script: {fileID: 11500000, guid: b991b53f25f74fd9b3ba062ed51685db, type: 3}
  m_Name: 
  m_EditorClassIdentifier: 
  _direction: {x: 0, y: -1, z: 0}
--- !u!114 &114024333579547684
MonoBehaviour:
  m_ObjectHideFlags: 1
  m_CorrespondingSourceObject: {fileID: 0}
  m_PrefabInternal: {fileID: 100100000}
  m_GameObject: {fileID: 1577766109073754}
  m_Enabled: 1
  m_EditorHideFlags: 0
  m_Script: {fileID: 11500000, guid: dee63bc66aa5a394286e8f04d0d15733, type: 3}
  m_Name: 
  m_EditorClassIdentifier: 
  _asset: {fileID: 11400000, guid: cd8fa656659b1cd4a87a69112171df77, type: 2}
  _mirroredObject: {fileID: 1577766109073754}
  _mirrorFlow: 0
  _instanceId: Common.LindaGameObject
--- !u!114 &114084474675456550
MonoBehaviour:
  m_ObjectHideFlags: 1
  m_CorrespondingSourceObject: {fileID: 0}
  m_PrefabInternal: {fileID: 100100000}
  m_GameObject: {fileID: 1366244914802650}
  m_Enabled: 1
  m_EditorHideFlags: 0
  m_Script: {fileID: 11500000, guid: a1cd2c60b36346489ecc99e7cfd9c39d, type: 3}
  m_Name: 
  m_EditorClassIdentifier: 
--- !u!114 &114150961033704310
MonoBehaviour:
  m_ObjectHideFlags: 1
  m_CorrespondingSourceObject: {fileID: 0}
  m_PrefabInternal: {fileID: 100100000}
  m_GameObject: {fileID: 1641501414781418}
  m_Enabled: 1
  m_EditorHideFlags: 0
  m_Script: {fileID: 11500000, guid: 4feb8dc34a754f649928df34cfbd3f2f, type: 3}
  m_Name: 
  m_EditorClassIdentifier: 
  _slot: {fileID: 11400000, guid: 266bb3c3073eca14288bba749190bdcf, type: 2}
  _viewRoot: {fileID: 4434080456826886}
--- !u!114 &114161367977958628
MonoBehaviour:
  m_ObjectHideFlags: 1
  m_CorrespondingSourceObject: {fileID: 0}
  m_PrefabInternal: {fileID: 100100000}
  m_GameObject: {fileID: 1713853971529066}
  m_Enabled: 1
  m_EditorHideFlags: 0
  m_Script: {fileID: 11500000, guid: b1a161faaf41439695f2d8e7223a7e04, type: 3}
  m_Name: 
  m_EditorClassIdentifier: 
  _activityHandler: {fileID: 114346074203393402}
  _animation: {fileID: 114310189977582530}
--- !u!114 &114221466644877938
MonoBehaviour:
  m_ObjectHideFlags: 1
  m_CorrespondingSourceObject: {fileID: 0}
  m_PrefabInternal: {fileID: 100100000}
  m_GameObject: {fileID: 1013272649141328}
  m_Enabled: 1
  m_EditorHideFlags: 0
  m_Script: {fileID: 11500000, guid: a26aff3fbfac47d4ad9c726d4211904c, type: 3}
  m_Name: 
  m_EditorClassIdentifier: 
  _slot: {fileID: 11400000, guid: a6a6c933d766b3b4c83fe336532075ce, type: 2}
  _viewRoot: {fileID: 4434080456826886}
--- !u!114 &114310189977582530
MonoBehaviour:
  m_ObjectHideFlags: 1
  m_CorrespondingSourceObject: {fileID: 0}
  m_PrefabInternal: {fileID: 100100000}
  m_GameObject: {fileID: 1713853971529066}
  m_Enabled: 1
  m_EditorHideFlags: 0
  m_Script: {fileID: 11500000, guid: a3197163864849b4e94d864824bf73be, type: 3}
  m_Name: 
  m_EditorClassIdentifier: 
  _animationClips:
    _serializedKeys: 000000000100000002000000
    _serializedValues:
    - {fileID: 7400000, guid: 57396c6b1d59c2c4f80c46393d27b81b, type: 2}
    - {fileID: 7400000, guid: 4f9e696e3c54c314fae20dfbac13a6de, type: 2}
    - {fileID: 0}
--- !u!114 &114322089975006746
MonoBehaviour:
  m_ObjectHideFlags: 1
  m_CorrespondingSourceObject: {fileID: 0}
  m_PrefabInternal: {fileID: 100100000}
  m_GameObject: {fileID: 1577766109073754}
  m_Enabled: 1
  m_EditorHideFlags: 0
  m_Script: {fileID: 11500000, guid: 408aa97b109341269be14952f3817822, type: 3}
  m_Name: 
  m_EditorClassIdentifier: 
  _positionProvider: {fileID: 114432982932961150}
--- !u!114 &114346074203393402
MonoBehaviour:
  m_ObjectHideFlags: 1
  m_CorrespondingSourceObject: {fileID: 0}
  m_PrefabInternal: {fileID: 100100000}
  m_GameObject: {fileID: 1713853971529066}
  m_Enabled: 1
  m_EditorHideFlags: 0
  m_Script: {fileID: 11500000, guid: d2c62ea86fe84b26bb7e92f1921f9ad3, type: 3}
  m_Name: 
  m_EditorClassIdentifier: 
  _gameControl: {fileID: 11400000, guid: c062d18f67f2ea040974120d7014ec49, type: 2}
  _controlSelfGameObject: 1
  _components: []
  _gameObjects: []
--- !u!114 &114370142511293814
MonoBehaviour:
  m_ObjectHideFlags: 1
  m_CorrespondingSourceObject: {fileID: 0}
  m_PrefabInternal: {fileID: 100100000}
  m_GameObject: {fileID: 1577766109073754}
  m_Enabled: 1
  m_EditorHideFlags: 0
  m_Script: {fileID: 11500000, guid: dee63bc66aa5a394286e8f04d0d15733, type: 3}
  m_Name: 
  m_EditorClassIdentifier: 
  _asset: {fileID: 11400000, guid: cd8fa656659b1cd4a87a69112171df77, type: 2}
  _mirroredObject: {fileID: 114672048388735130}
  _mirrorFlow: 0
  _instanceId: Common.LindaRouteMover
--- !u!114 &114391529185458698
MonoBehaviour:
  m_ObjectHideFlags: 1
  m_CorrespondingSourceObject: {fileID: 0}
  m_PrefabInternal: {fileID: 100100000}
  m_GameObject: {fileID: 1577766109073754}
  m_Enabled: 1
  m_EditorHideFlags: 0
  m_Script: {fileID: 11500000, guid: dee63bc66aa5a394286e8f04d0d15733, type: 3}
  m_Name: 
  m_EditorClassIdentifier: 
  _asset: {fileID: 11400000, guid: cd8fa656659b1cd4a87a69112171df77, type: 2}
  _mirroredObject: {fileID: 114683292656000378}
  _mirrorFlow: 0
  _instanceId: Common.LindaCharacter
--- !u!114 &114418541084129644
MonoBehaviour:
  m_ObjectHideFlags: 1
  m_CorrespondingSourceObject: {fileID: 0}
  m_PrefabInternal: {fileID: 100100000}
  m_GameObject: {fileID: 1600584561310566}
  m_Enabled: 1
  m_EditorHideFlags: 0
  m_Script: {fileID: 11500000, guid: a26aff3fbfac47d4ad9c726d4211904c, type: 3}
  m_Name: 
  m_EditorClassIdentifier: 
  _slot: {fileID: 11400000, guid: fa0efe665e5da424390fc378fc64b2ba, type: 2}
  _viewRoot: {fileID: 4434080456826886}
--- !u!114 &114432982932961150
MonoBehaviour:
  m_ObjectHideFlags: 1
  m_CorrespondingSourceObject: {fileID: 0}
  m_PrefabInternal: {fileID: 100100000}
  m_GameObject: {fileID: 1577766109073754}
  m_Enabled: 1
  m_EditorHideFlags: 0
  m_Script: {fileID: 11500000, guid: a155d2042d3d4c2db52a922210bea2ae, type: 3}
  m_Name: 
  m_EditorClassIdentifier: 
  _epsilon: 0
--- !u!114 &114440032765754226
MonoBehaviour:
  m_ObjectHideFlags: 1
  m_CorrespondingSourceObject: {fileID: 0}
  m_PrefabInternal: {fileID: 100100000}
  m_GameObject: {fileID: 1716501678322642}
  m_Enabled: 1
  m_EditorHideFlags: 0
  m_Script: {fileID: 11500000, guid: 4feb8dc34a754f649928df34cfbd3f2f, type: 3}
  m_Name: 
  m_EditorClassIdentifier: 
  _slot: {fileID: 11400000, guid: 6f325e0e065952d459ea0a4c6bc27c61, type: 2}
  _viewRoot: {fileID: 4434080456826886}
--- !u!114 &114451480025724458
MonoBehaviour:
  m_ObjectHideFlags: 1
  m_CorrespondingSourceObject: {fileID: 0}
  m_PrefabInternal: {fileID: 100100000}
  m_GameObject: {fileID: 1366244914802650}
  m_Enabled: 1
  m_EditorHideFlags: 0
  m_Script: {fileID: 11500000, guid: dee63bc66aa5a394286e8f04d0d15733, type: 3}
  m_Name: 
  m_EditorClassIdentifier: 
  _asset: {fileID: 11400000, guid: cd8fa656659b1cd4a87a69112171df77, type: 2}
  _mirroredObject: {fileID: 95737064421422488}
  _mirrorFlow: 0
  _instanceId: Common.LindaAnimator
--- !u!114 &114490018032169266
MonoBehaviour:
  m_ObjectHideFlags: 1
  m_CorrespondingSourceObject: {fileID: 0}
  m_PrefabInternal: {fileID: 100100000}
  m_GameObject: {fileID: 1883962194521020}
  m_Enabled: 1
  m_EditorHideFlags: 0
  m_Script: {fileID: 11500000, guid: dee63bc66aa5a394286e8f04d0d15733, type: 3}
  m_Name: 
  m_EditorClassIdentifier: 
  _asset: {fileID: 11400000, guid: cd8fa656659b1cd4a87a69112171df77, type: 2}
  _mirroredObject: {fileID: 95114636201907196}
  _mirrorFlow: 0
  _instanceId: Common.Betty.Presenter.Animator
--- !u!114 &114494929549175668
MonoBehaviour:
  m_ObjectHideFlags: 1
  m_CorrespondingSourceObject: {fileID: 0}
  m_PrefabInternal: {fileID: 100100000}
  m_GameObject: {fileID: 1577766109073754}
  m_Enabled: 1
  m_EditorHideFlags: 0
  m_Script: {fileID: 11500000, guid: 784005adde864685a0ce26ab6d78c2ba, type: 3}
  m_Name: 
  m_EditorClassIdentifier: 
  _goesToCursor: 0
  _timeoutMin: 0
  _timeoutMax: 1
  _initialPosition: {x: 0, y: 0}
  _memoryCurve:
    serializedVersion: 2
    m_Curve:
    - serializedVersion: 3
      time: 0
      value: 0.001
      inSlope: 0.0069581596
      outSlope: 0.0069581596
      tangentMode: 0
      weightedMode: 0
      inWeight: 0.33333334
      outWeight: 0.055974167
    - serializedVersion: 3
      time: 20
      value: 1
      inSlope: 0.13191374
      outSlope: 0.13191374
      tangentMode: 0
      weightedMode: 0
      inWeight: 0.025834274
      outWeight: 0.33333334
    m_PreInfinity: 2
    m_PostInfinity: 2
    m_RotationOrder: 4
  _memorySize: 10
  _nextInteractionObjectMinDistance: 2
--- !u!114 &114526274564553200
MonoBehaviour:
  m_ObjectHideFlags: 1
  m_CorrespondingSourceObject: {fileID: 0}
  m_PrefabInternal: {fileID: 100100000}
  m_GameObject: {fileID: 1577766109073754}
  m_Enabled: 1
  m_EditorHideFlags: 0
  m_Script: {fileID: 11500000, guid: dee63bc66aa5a394286e8f04d0d15733, type: 3}
  m_Name: 
  m_EditorClassIdentifier: 
  _asset: {fileID: 11400000, guid: cd8fa656659b1cd4a87a69112171df77, type: 2}
  _mirroredObject: {fileID: 4248223697888916}
  _mirrorFlow: 0
  _instanceId: Common.LindaTransform
--- !u!114 &114586402849890520
MonoBehaviour:
  m_ObjectHideFlags: 1
  m_CorrespondingSourceObject: {fileID: 0}
  m_PrefabInternal: {fileID: 100100000}
  m_GameObject: {fileID: 1366244914802650}
  m_Enabled: 1
  m_EditorHideFlags: 0
  m_Script: {fileID: 11500000, guid: 5aa714270c05e974fbf1f57503617095, type: 3}
  m_Name: 
  m_EditorClassIdentifier: 
  _isometryObject: {fileID: 4248223697888916}
  _compensator: {fileID: 4966581561894366}
  _maxAllowedDelta: 0.1
  _logRouteOffset: 0
--- !u!114 &114597590328005276
MonoBehaviour:
  m_ObjectHideFlags: 1
  m_CorrespondingSourceObject: {fileID: 0}
  m_PrefabInternal: {fileID: 100100000}
  m_GameObject: {fileID: 1480704367723876}
  m_Enabled: 1
  m_EditorHideFlags: 0
  m_Script: {fileID: 11500000, guid: a26aff3fbfac47d4ad9c726d4211904c, type: 3}
  m_Name: 
  m_EditorClassIdentifier: 
  _slot: {fileID: 11400000, guid: 5e4265a57f80a4249916e13cc7be25ff, type: 2}
  _viewRoot: {fileID: 4434080456826886}
--- !u!114 &114629512304178712
MonoBehaviour:
  m_ObjectHideFlags: 1
  m_CorrespondingSourceObject: {fileID: 0}
  m_PrefabInternal: {fileID: 100100000}
  m_GameObject: {fileID: 1883962194521020}
  m_Enabled: 1
  m_EditorHideFlags: 0
  m_Script: {fileID: 11500000, guid: 99ab5a67c35c464d8b8f5319e640421a, type: 3}
  m_Name: 
  m_EditorClassIdentifier: 
  _movingParameter: IsMoving
  _turningParameter: IsTurning
  _movingSpeedFactorParameter: MovingSpeedMultiplier
  _animator: {fileID: 95737064421422488}
  _tint: {r: 1, g: 1, b: 1, a: 1}
--- !u!114 &114657972528079672
MonoBehaviour:
  m_ObjectHideFlags: 1
  m_CorrespondingSourceObject: {fileID: 0}
  m_PrefabInternal: {fileID: 100100000}
  m_GameObject: {fileID: 1577766109073754}
  m_Enabled: 1
  m_EditorHideFlags: 0
  m_Script: {fileID: 11500000, guid: d2c62ea86fe84b26bb7e92f1921f9ad3, type: 3}
  m_Name: 
  m_EditorClassIdentifier: 
  _gameControl: {fileID: 11400000, guid: 5cad22e7403635d4eabf340fa2107283, type: 2}
  _controlSelfGameObject: 0
  _components:
  - {fileID: 114494929549175668}
  _gameObjects: []
--- !u!114 &114672048388735130
MonoBehaviour:
  m_ObjectHideFlags: 1
  m_CorrespondingSourceObject: {fileID: 0}
  m_PrefabInternal: {fileID: 100100000}
  m_GameObject: {fileID: 1577766109073754}
  m_Enabled: 1
  m_EditorHideFlags: 0
  m_Script: {fileID: 11500000, guid: 6176f3d53f504f8a932f1cc6d3414ef2, type: 3}
  m_Name: 
  m_EditorClassIdentifier: 
  _speed: 2
  _movingAngularSpeed: 1
  _turningAngularSpeed: 5
  _maxRotationInMoving: 60
  _debugDrawRoute: 0
--- !u!114 &114683292656000378
MonoBehaviour:
  m_ObjectHideFlags: 1
  m_CorrespondingSourceObject: {fileID: 0}
  m_PrefabInternal: {fileID: 100100000}
  m_GameObject: {fileID: 1577766109073754}
  m_Enabled: 1
  m_EditorHideFlags: 0
  m_Script: {fileID: 11500000, guid: 6c1ce3c4705e2be408a188783f5ee637, type: 3}
  m_Name: 
  m_EditorClassIdentifier: 
  _characterData: {fileID: 11400000, guid: 17507f957674dfe4d96bddbe1e1aaa04, type: 2}
--- !u!114 &114741901543084362
MonoBehaviour:
  m_ObjectHideFlags: 1
  m_CorrespondingSourceObject: {fileID: 0}
  m_PrefabInternal: {fileID: 100100000}
  m_GameObject: {fileID: 1654725348273512}
  m_Enabled: 1
  m_EditorHideFlags: 0
  m_Script: {fileID: 11500000, guid: dee63bc66aa5a394286e8f04d0d15733, type: 3}
  m_Name: 
  m_EditorClassIdentifier: 
  _asset: {fileID: 11400000, guid: cd8fa656659b1cd4a87a69112171df77, type: 2}
  _mirroredObject: {fileID: 114863881897514046}
  _mirrorFlow: 0
  _instanceId: Common.BubbleObstacle.Linda
--- !u!114 &114758669183984052
MonoBehaviour:
  m_ObjectHideFlags: 1
  m_CorrespondingSourceObject: {fileID: 0}
  m_PrefabInternal: {fileID: 100100000}
  m_GameObject: {fileID: 1577766109073754}
  m_Enabled: 1
  m_EditorHideFlags: 0
  m_Script: {fileID: 11500000, guid: ef2d28afc4d01e740b51b5608b74b721, type: 3}
  m_Name: 
  m_EditorClassIdentifier: 
--- !u!114 &114796069786654668
MonoBehaviour:
  m_ObjectHideFlags: 1
  m_CorrespondingSourceObject: {fileID: 0}
  m_PrefabInternal: {fileID: 100100000}
  m_GameObject: {fileID: 1845869655534154}
  m_Enabled: 1
  m_EditorHideFlags: 0
  m_Script: {fileID: 11500000, guid: a26aff3fbfac47d4ad9c726d4211904c, type: 3}
  m_Name: 
  m_EditorClassIdentifier: 
  _slot: {fileID: 11400000, guid: dd2d46f90bcbaea468178f20f5073544, type: 2}
  _viewRoot: {fileID: 4434080456826886}
--- !u!114 &114863881897514046
MonoBehaviour:
  m_ObjectHideFlags: 1
  m_CorrespondingSourceObject: {fileID: 0}
  m_PrefabInternal: {fileID: 100100000}
  m_GameObject: {fileID: 1654725348273512}
  m_Enabled: 1
  m_EditorHideFlags: 0
  m_Script: {fileID: 11500000, guid: b2df2a4fd893e9541ab6ed76876ea25b, type: 3}
  m_Name: 
  m_EditorClassIdentifier: 
  _center: {fileID: 4792486802626708}
  _borders:
    serializedVersion: 2
    x: 0
    y: 0
    width: 1.3
    height: 1.3
--- !u!114 &114890676330013386
MonoBehaviour:
  m_ObjectHideFlags: 1
  m_CorrespondingSourceObject: {fileID: 0}
  m_PrefabInternal: {fileID: 100100000}
  m_GameObject: {fileID: 1577766109073754}
  m_Enabled: 1
  m_EditorHideFlags: 0
  m_Script: {fileID: 11500000, guid: dee63bc66aa5a394286e8f04d0d15733, type: 3}
  m_Name: 
  m_EditorClassIdentifier: 
  _asset: {fileID: 11400000, guid: cd8fa656659b1cd4a87a69112171df77, type: 2}
  _mirroredObject: {fileID: 114023941923484104}
  _mirrorFlow: 0
  _instanceId: Common.LindaIsometryMovable
--- !u!114 &114925111982263472
MonoBehaviour:
  m_ObjectHideFlags: 1
  m_CorrespondingSourceObject: {fileID: 0}
  m_PrefabInternal: {fileID: 100100000}
  m_GameObject: {fileID: 1366244914802650}
  m_Enabled: 1
  m_EditorHideFlags: 0
  m_Script: {fileID: 11500000, guid: d2c62ea86fe84b26bb7e92f1921f9ad3, type: 3}
  m_Name: 
  m_EditorClassIdentifier: 
  _gameControl: {fileID: 11400000, guid: c062d18f67f2ea040974120d7014ec49, type: 2}
  _controlSelfGameObject: 0
  _components:
  - {fileID: 95737064421422488}
  _gameObjects: []
--- !u!114 &114937604016505970
MonoBehaviour:
  m_ObjectHideFlags: 1
  m_CorrespondingSourceObject: {fileID: 0}
  m_PrefabInternal: {fileID: 100100000}
  m_GameObject: {fileID: 1654725348273512}
  m_Enabled: 1
  m_EditorHideFlags: 0
  m_Script: {fileID: 11500000, guid: dee63bc66aa5a394286e8f04d0d15733, type: 3}
  m_Name: 
  m_EditorClassIdentifier: 
  _asset: {fileID: 11400000, guid: cd8fa656659b1cd4a87a69112171df77, type: 2}
  _mirroredObject: {fileID: 4792486802626708}
  _mirrorFlow: 0
  _instanceId: Common.LindaBubblePointTransform
--- !u!114 &114961137744957978
MonoBehaviour:
  m_ObjectHideFlags: 1
  m_CorrespondingSourceObject: {fileID: 0}
  m_PrefabInternal: {fileID: 100100000}
  m_GameObject: {fileID: 1021480545662986}
  m_Enabled: 1
  m_EditorHideFlags: 0
  m_Script: {fileID: 11500000, guid: a26aff3fbfac47d4ad9c726d4211904c, type: 3}
  m_Name: 
  m_EditorClassIdentifier: 
  _slot: {fileID: 11400000, guid: fdc3f4793bdfbba4890d0fc80cba9aaf, type: 2}
  _viewRoot: {fileID: 4434080456826886}
--- !u!114 &114980491614043384
MonoBehaviour:
  m_ObjectHideFlags: 1
  m_CorrespondingSourceObject: {fileID: 0}
  m_PrefabInternal: {fileID: 100100000}
  m_GameObject: {fileID: 1103299917376396}
  m_Enabled: 1
  m_EditorHideFlags: 0
  m_Script: {fileID: 11500000, guid: a26aff3fbfac47d4ad9c726d4211904c, type: 3}
  m_Name: 
  m_EditorClassIdentifier: 
  _slot: {fileID: 11400000, guid: da3422d411027d04cbfee1c0f20c7d04, type: 2}
  _viewRoot: {fileID: 4434080456826886}
--- !u!137 &137133831429495472
SkinnedMeshRenderer:
  m_ObjectHideFlags: 1
  m_CorrespondingSourceObject: {fileID: 0}
  m_PrefabInternal: {fileID: 100100000}
  m_GameObject: {fileID: 1600584561310566}
  m_Enabled: 1
  m_CastShadows: 1
  m_ReceiveShadows: 0
  m_DynamicOccludee: 1
  m_MotionVectors: 1
  m_LightProbeUsage: 1
  m_ReflectionProbeUsage: 1
  m_RenderingLayerMask: 4294967295
  m_Materials:
  - {fileID: 0}
  m_StaticBatchInfo:
    firstSubMesh: 0
    subMeshCount: 0
  m_StaticBatchRoot: {fileID: 0}
  m_ProbeAnchor: {fileID: 0}
  m_LightProbeVolumeOverride: {fileID: 0}
  m_ScaleInLightmap: 1
  m_PreserveUVs: 0
  m_IgnoreNormalsForChartDetection: 0
  m_ImportantGI: 0
  m_StitchLightmapSeams: 0
  m_SelectedEditorRenderState: 3
  m_MinimumChartSize: 4
  m_AutoUVMaxDistance: 0.5
  m_AutoUVMaxAngle: 89
  m_LightmapParameters: {fileID: 0}
  m_SortingLayerID: -559774461
  m_SortingLayer: 3
  m_SortingOrder: 0
  serializedVersion: 2
  m_Quality: 0
  m_UpdateWhenOffscreen: 0
  m_SkinnedMotionVectors: 1
  m_Mesh: {fileID: 0}
  m_Bones: []
  m_BlendShapeWeights: []
  m_RootBone: {fileID: 0}
  m_AABB:
    m_Center: {x: 0, y: 0, z: 0}
    m_Extent: {x: 0, y: 0, z: 0}
  m_DirtyAABB: 1
--- !u!137 &137338029027731010
SkinnedMeshRenderer:
  m_ObjectHideFlags: 1
  m_CorrespondingSourceObject: {fileID: 0}
  m_PrefabInternal: {fileID: 100100000}
  m_GameObject: {fileID: 1845869655534154}
  m_Enabled: 1
  m_CastShadows: 1
  m_ReceiveShadows: 0
  m_DynamicOccludee: 1
  m_MotionVectors: 1
  m_LightProbeUsage: 1
  m_ReflectionProbeUsage: 1
  m_RenderingLayerMask: 4294967295
  m_Materials:
  - {fileID: 0}
  m_StaticBatchInfo:
    firstSubMesh: 0
    subMeshCount: 0
  m_StaticBatchRoot: {fileID: 0}
  m_ProbeAnchor: {fileID: 0}
  m_LightProbeVolumeOverride: {fileID: 0}
  m_ScaleInLightmap: 1
  m_PreserveUVs: 0
  m_IgnoreNormalsForChartDetection: 0
  m_ImportantGI: 0
  m_StitchLightmapSeams: 0
  m_SelectedEditorRenderState: 3
  m_MinimumChartSize: 4
  m_AutoUVMaxDistance: 0.5
  m_AutoUVMaxAngle: 89
  m_LightmapParameters: {fileID: 0}
  m_SortingLayerID: -559774461
  m_SortingLayer: 3
  m_SortingOrder: 0
  serializedVersion: 2
  m_Quality: 0
  m_UpdateWhenOffscreen: 0
  m_SkinnedMotionVectors: 1
  m_Mesh: {fileID: 0}
  m_Bones: []
  m_BlendShapeWeights: []
  m_RootBone: {fileID: 0}
  m_AABB:
    m_Center: {x: 0, y: 0, z: 0}
    m_Extent: {x: 0, y: 0, z: 0}
  m_DirtyAABB: 1
--- !u!137 &137358450366907366
SkinnedMeshRenderer:
  m_ObjectHideFlags: 1
  m_CorrespondingSourceObject: {fileID: 0}
  m_PrefabInternal: {fileID: 100100000}
  m_GameObject: {fileID: 1103299917376396}
  m_Enabled: 1
  m_CastShadows: 1
  m_ReceiveShadows: 0
  m_DynamicOccludee: 1
  m_MotionVectors: 1
  m_LightProbeUsage: 1
  m_ReflectionProbeUsage: 1
  m_RenderingLayerMask: 4294967295
  m_Materials:
  - {fileID: 0}
  m_StaticBatchInfo:
    firstSubMesh: 0
    subMeshCount: 0
  m_StaticBatchRoot: {fileID: 0}
  m_ProbeAnchor: {fileID: 0}
  m_LightProbeVolumeOverride: {fileID: 0}
  m_ScaleInLightmap: 1
  m_PreserveUVs: 0
  m_IgnoreNormalsForChartDetection: 0
  m_ImportantGI: 0
  m_StitchLightmapSeams: 0
  m_SelectedEditorRenderState: 3
  m_MinimumChartSize: 4
  m_AutoUVMaxDistance: 0.5
  m_AutoUVMaxAngle: 89
  m_LightmapParameters: {fileID: 0}
  m_SortingLayerID: -559774461
  m_SortingLayer: 3
  m_SortingOrder: 0
  serializedVersion: 2
  m_Quality: 0
  m_UpdateWhenOffscreen: 0
  m_SkinnedMotionVectors: 1
  m_Mesh: {fileID: 0}
  m_Bones: []
  m_BlendShapeWeights: []
  m_RootBone: {fileID: 0}
  m_AABB:
    m_Center: {x: 0, y: 0, z: 0}
    m_Extent: {x: 0, y: 0, z: 0}
  m_DirtyAABB: 1
--- !u!137 &137393129378229232
SkinnedMeshRenderer:
  m_ObjectHideFlags: 1
  m_CorrespondingSourceObject: {fileID: 0}
  m_PrefabInternal: {fileID: 100100000}
  m_GameObject: {fileID: 1272127612942198}
  m_Enabled: 1
  m_CastShadows: 1
  m_ReceiveShadows: 1
  m_DynamicOccludee: 1
  m_MotionVectors: 1
  m_LightProbeUsage: 1
  m_ReflectionProbeUsage: 1
  m_RenderingLayerMask: 4294967295
  m_Materials:
  - {fileID: 2100000, guid: 4f3839c8fb384344caed8f4d28bd1d37, type: 2}
  m_StaticBatchInfo:
    firstSubMesh: 0
    subMeshCount: 0
  m_StaticBatchRoot: {fileID: 0}
  m_ProbeAnchor: {fileID: 0}
  m_LightProbeVolumeOverride: {fileID: 0}
  m_ScaleInLightmap: 1
  m_PreserveUVs: 0
  m_IgnoreNormalsForChartDetection: 0
  m_ImportantGI: 0
  m_StitchLightmapSeams: 0
  m_SelectedEditorRenderState: 3
  m_MinimumChartSize: 4
  m_AutoUVMaxDistance: 0.5
  m_AutoUVMaxAngle: 89
  m_LightmapParameters: {fileID: 0}
  m_SortingLayerID: -559774461
  m_SortingLayer: 3
  m_SortingOrder: 0
  serializedVersion: 2
  m_Quality: 0
  m_UpdateWhenOffscreen: 0
  m_SkinnedMotionVectors: 1
  m_Mesh: {fileID: 4300006, guid: 21f342dc5d3c9f04fba7d81c270c43ed, type: 3}
  m_Bones:
  - {fileID: 4469351591662458}
  - {fileID: 4381934539900088}
  - {fileID: 4332660147524600}
  - {fileID: 4412152615431776}
  - {fileID: 4814105464183022}
  - {fileID: 4329329616579996}
  - {fileID: 4566984283434082}
  - {fileID: 4884658814363090}
  - {fileID: 4530236198028942}
  - {fileID: 4447174797109530}
  - {fileID: 4898455463208866}
  - {fileID: 4966771670432766}
  - {fileID: 4719321073682326}
  - {fileID: 4932639792721340}
  - {fileID: 4588147132080750}
  - {fileID: 4170302805686738}
  - {fileID: 4840928198209338}
  - {fileID: 4287665616109176}
  - {fileID: 4831627659861086}
  - {fileID: 4713630269395972}
  - {fileID: 4650827887328582}
  - {fileID: 4892705553187710}
  - {fileID: 4698069423773436}
  - {fileID: 4619205383441344}
  - {fileID: 4870995970766256}
  - {fileID: 4946940227035132}
  - {fileID: 4330862469212628}
  - {fileID: 4305341878778426}
  - {fileID: 4992964376438736}
  - {fileID: 4254287319042218}
  - {fileID: 4123634474747628}
  - {fileID: 4934420488193128}
  - {fileID: 4581764494293874}
  - {fileID: 4709187107078506}
  - {fileID: 4831887976269006}
  - {fileID: 4119392516617998}
  - {fileID: 4264995718665698}
  - {fileID: 4631081106514970}
  - {fileID: 4680175665724358}
  - {fileID: 4233261171199112}
  - {fileID: 4624347301622150}
  - {fileID: 4044130260457468}
  - {fileID: 4581485241755582}
  - {fileID: 4457587353830590}
  - {fileID: 4743278342519698}
  - {fileID: 4694537894044760}
  - {fileID: 4392047592204672}
  - {fileID: 4904724677998388}
  m_BlendShapeWeights: []
  m_RootBone: {fileID: 4469351591662458}
  m_AABB:
    m_Center: {x: 0, y: 0.00005099096, z: 0.010848317}
    m_Extent: {x: 0.0013410676, y: 0.0017444021, z: 0.0016683498}
  m_DirtyAABB: 0
--- !u!137 &137415553612828724
SkinnedMeshRenderer:
  m_ObjectHideFlags: 1
  m_CorrespondingSourceObject: {fileID: 0}
  m_PrefabInternal: {fileID: 100100000}
  m_GameObject: {fileID: 1738901578456162}
  m_Enabled: 1
  m_CastShadows: 1
  m_ReceiveShadows: 1
  m_DynamicOccludee: 1
  m_MotionVectors: 1
  m_LightProbeUsage: 1
  m_ReflectionProbeUsage: 1
  m_RenderingLayerMask: 4294967295
  m_Materials:
  - {fileID: 2100000, guid: 2a2e0eb48b7f06842a2ac1dd9dc7399b, type: 2}
  m_StaticBatchInfo:
    firstSubMesh: 0
    subMeshCount: 0
  m_StaticBatchRoot: {fileID: 0}
  m_ProbeAnchor: {fileID: 0}
  m_LightProbeVolumeOverride: {fileID: 0}
  m_ScaleInLightmap: 1
  m_PreserveUVs: 0
  m_IgnoreNormalsForChartDetection: 0
  m_ImportantGI: 0
  m_StitchLightmapSeams: 0
  m_SelectedEditorRenderState: 3
  m_MinimumChartSize: 4
  m_AutoUVMaxDistance: 0.5
  m_AutoUVMaxAngle: 89
  m_LightmapParameters: {fileID: 0}
  m_SortingLayerID: -559774461
  m_SortingLayer: 3
  m_SortingOrder: 0
  serializedVersion: 2
  m_Quality: 0
  m_UpdateWhenOffscreen: 0
  m_SkinnedMotionVectors: 1
  m_Mesh: {fileID: 4300008, guid: 21f342dc5d3c9f04fba7d81c270c43ed, type: 3}
  m_Bones:
  - {fileID: 4469351591662458}
  - {fileID: 4381934539900088}
  - {fileID: 4332660147524600}
  - {fileID: 4412152615431776}
  - {fileID: 4814105464183022}
  - {fileID: 4329329616579996}
  - {fileID: 4566984283434082}
  - {fileID: 4884658814363090}
  - {fileID: 4530236198028942}
  - {fileID: 4447174797109530}
  - {fileID: 4898455463208866}
  - {fileID: 4966771670432766}
  - {fileID: 4719321073682326}
  - {fileID: 4932639792721340}
  - {fileID: 4588147132080750}
  - {fileID: 4170302805686738}
  - {fileID: 4840928198209338}
  - {fileID: 4287665616109176}
  - {fileID: 4831627659861086}
  - {fileID: 4713630269395972}
  - {fileID: 4650827887328582}
  - {fileID: 4892705553187710}
  - {fileID: 4698069423773436}
  - {fileID: 4619205383441344}
  - {fileID: 4870995970766256}
  - {fileID: 4946940227035132}
  - {fileID: 4330862469212628}
  - {fileID: 4305341878778426}
  - {fileID: 4992964376438736}
  - {fileID: 4254287319042218}
  - {fileID: 4123634474747628}
  - {fileID: 4934420488193128}
  - {fileID: 4581764494293874}
  - {fileID: 4709187107078506}
  - {fileID: 4831887976269006}
  - {fileID: 4119392516617998}
  - {fileID: 4264995718665698}
  - {fileID: 4631081106514970}
  - {fileID: 4680175665724358}
  - {fileID: 4233261171199112}
  - {fileID: 4624347301622150}
  - {fileID: 4044130260457468}
  - {fileID: 4581485241755582}
  - {fileID: 4457587353830590}
  - {fileID: 4743278342519698}
  - {fileID: 4694537894044760}
  - {fileID: 4392047592204672}
  - {fileID: 4904724677998388}
  m_BlendShapeWeights: []
  m_RootBone: {fileID: 4469351591662458}
  m_AABB:
    m_Center: {x: -0.00007444104, y: 0.0019101519, z: 0.00781783}
    m_Extent: {x: 0.0000068916634, y: 0.0000021856977, z: 0.0000022156164}
  m_DirtyAABB: 0
--- !u!137 &137753613102135370
SkinnedMeshRenderer:
  m_ObjectHideFlags: 1
  m_CorrespondingSourceObject: {fileID: 0}
  m_PrefabInternal: {fileID: 100100000}
  m_GameObject: {fileID: 1021480545662986}
  m_Enabled: 1
  m_CastShadows: 1
  m_ReceiveShadows: 0
  m_DynamicOccludee: 1
  m_MotionVectors: 1
  m_LightProbeUsage: 1
  m_ReflectionProbeUsage: 1
  m_RenderingLayerMask: 4294967295
  m_Materials:
  - {fileID: 0}
  m_StaticBatchInfo:
    firstSubMesh: 0
    subMeshCount: 0
  m_StaticBatchRoot: {fileID: 0}
  m_ProbeAnchor: {fileID: 0}
  m_LightProbeVolumeOverride: {fileID: 0}
  m_ScaleInLightmap: 1
  m_PreserveUVs: 0
  m_IgnoreNormalsForChartDetection: 0
  m_ImportantGI: 0
  m_StitchLightmapSeams: 0
  m_SelectedEditorRenderState: 3
  m_MinimumChartSize: 4
  m_AutoUVMaxDistance: 0.5
  m_AutoUVMaxAngle: 89
  m_LightmapParameters: {fileID: 0}
  m_SortingLayerID: -559774461
  m_SortingLayer: 3
  m_SortingOrder: 0
  serializedVersion: 2
  m_Quality: 0
  m_UpdateWhenOffscreen: 0
  m_SkinnedMotionVectors: 1
  m_Mesh: {fileID: 0}
  m_Bones: []
  m_BlendShapeWeights: []
  m_RootBone: {fileID: 0}
  m_AABB:
    m_Center: {x: 0, y: 0, z: 0}
    m_Extent: {x: 0, y: 0, z: 0}
  m_DirtyAABB: 1
--- !u!137 &137803209065362846
SkinnedMeshRenderer:
  m_ObjectHideFlags: 1
  m_CorrespondingSourceObject: {fileID: 0}
  m_PrefabInternal: {fileID: 100100000}
  m_GameObject: {fileID: 1480704367723876}
  m_Enabled: 1
  m_CastShadows: 1
  m_ReceiveShadows: 0
  m_DynamicOccludee: 1
  m_MotionVectors: 1
  m_LightProbeUsage: 1
  m_ReflectionProbeUsage: 1
  m_RenderingLayerMask: 4294967295
  m_Materials:
  - {fileID: 0}
  m_StaticBatchInfo:
    firstSubMesh: 0
    subMeshCount: 0
  m_StaticBatchRoot: {fileID: 0}
  m_ProbeAnchor: {fileID: 0}
  m_LightProbeVolumeOverride: {fileID: 0}
  m_ScaleInLightmap: 1
  m_PreserveUVs: 0
  m_IgnoreNormalsForChartDetection: 0
  m_ImportantGI: 0
  m_StitchLightmapSeams: 0
  m_SelectedEditorRenderState: 3
  m_MinimumChartSize: 4
  m_AutoUVMaxDistance: 0.5
  m_AutoUVMaxAngle: 89
  m_LightmapParameters: {fileID: 0}
  m_SortingLayerID: -559774461
  m_SortingLayer: 3
  m_SortingOrder: 0
  serializedVersion: 2
  m_Quality: 0
  m_UpdateWhenOffscreen: 0
  m_SkinnedMotionVectors: 1
  m_Mesh: {fileID: 0}
  m_Bones: []
  m_BlendShapeWeights: []
  m_RootBone: {fileID: 0}
  m_AABB:
    m_Center: {x: 0, y: 0, z: 0}
    m_Extent: {x: 0, y: 0, z: 0}
  m_DirtyAABB: 1
--- !u!137 &137916553792523308
SkinnedMeshRenderer:
  m_ObjectHideFlags: 1
  m_CorrespondingSourceObject: {fileID: 0}
  m_PrefabInternal: {fileID: 100100000}
  m_GameObject: {fileID: 1013272649141328}
  m_Enabled: 1
  m_CastShadows: 1
  m_ReceiveShadows: 0
  m_DynamicOccludee: 1
  m_MotionVectors: 1
  m_LightProbeUsage: 1
  m_ReflectionProbeUsage: 1
  m_RenderingLayerMask: 4294967295
  m_Materials:
  - {fileID: 0}
  m_StaticBatchInfo:
    firstSubMesh: 0
    subMeshCount: 0
  m_StaticBatchRoot: {fileID: 0}
  m_ProbeAnchor: {fileID: 0}
  m_LightProbeVolumeOverride: {fileID: 0}
  m_ScaleInLightmap: 1
  m_PreserveUVs: 0
  m_IgnoreNormalsForChartDetection: 0
  m_ImportantGI: 0
  m_StitchLightmapSeams: 0
  m_SelectedEditorRenderState: 3
  m_MinimumChartSize: 4
  m_AutoUVMaxDistance: 0.5
  m_AutoUVMaxAngle: 89
  m_LightmapParameters: {fileID: 0}
  m_SortingLayerID: -559774461
  m_SortingLayer: 3
  m_SortingOrder: 0
  serializedVersion: 2
  m_Quality: 0
  m_UpdateWhenOffscreen: 0
  m_SkinnedMotionVectors: 1
  m_Mesh: {fileID: 0}
  m_Bones: []
  m_BlendShapeWeights: []
  m_RootBone: {fileID: 0}
  m_AABB:
    m_Center: {x: 0, y: 0, z: 0}
    m_Extent: {x: 0, y: 0, z: 0}
  m_DirtyAABB: 1
