%YAML 1.1
%TAG !u! tag:unity3d.com,2011:
--- !u!1001 &100100000
Prefab:
  m_ObjectHideFlags: 1
  serializedVersion: 2
  m_Modification:
    m_TransformParent: {fileID: 0}
    m_Modifications: []
    m_RemovedComponents: []
  m_SourcePrefab: {fileID: 0}
  m_RootGameObject: {fileID: 1427855404939746}
  m_IsPrefabAsset: 1
--- !u!1 &1427855404939746
GameObject:
  m_ObjectHideFlags: 0
  m_CorrespondingSourceObject: {fileID: 0}
  m_PrefabInternal: {fileID: 100100000}
  serializedVersion: 6
  m_Component:
  - component: {fileID: 4680013131945528}
  - component: {fileID: 8633865683650754998}
  - component: {fileID: 114594033792606932}
  - component: {fileID: 114627862879193376}
  - component: {fileID: 114082184529561614}
  m_Layer: 0
  m_Name: WaterSpriteShape_sides
  m_TagString: Untagged
  m_Icon: {fileID: 0}
  m_NavMeshLayer: 0
  m_StaticEditorFlags: 0
  m_IsActive: 1
--- !u!4 &4680013131945528
Transform:
  m_ObjectHideFlags: 1
  m_CorrespondingSourceObject: {fileID: 0}
  m_PrefabInternal: {fileID: 100100000}
  m_GameObject: {fileID: 1427855404939746}
  m_LocalRotation: {x: -0, y: -0, z: -0, w: 1}
  m_LocalPosition: {x: -53, y: -51.1, z: 0}
  m_LocalScale: {x: 1.52195, y: 1.4304, z: 1}
  m_Children: []
  m_Father: {fileID: 0}
  m_RootOrder: 0
  m_LocalEulerAnglesHint: {x: 0, y: 0, z: 0}
--- !u!114 &114082184529561614
MonoBehaviour:
  m_ObjectHideFlags: 1
  m_CorrespondingSourceObject: {fileID: 0}
  m_PrefabInternal: {fileID: 100100000}
  m_GameObject: {fileID: 1427855404939746}
  m_Enabled: 1
  m_EditorHideFlags: 0
  m_Script: {fileID: 11500000, guid: 9e1c694a10954b76be4500908cc403fd, type: 3}
  m_Name: 
  m_EditorClassIdentifier: 
--- !u!114 &114594033792606932
MonoBehaviour:
  m_ObjectHideFlags: 1
  m_CorrespondingSourceObject: {fileID: 0}
  m_PrefabInternal: {fileID: 100100000}
  m_GameObject: {fileID: 1427855404939746}
  m_Enabled: 1
  m_EditorHideFlags: 0
  m_Script: {fileID: 11500000, guid: 90539df1cd5704abcb25fec9f3f5f84b, type: 3}
  m_Name: 
  m_EditorClassIdentifier: 
  m_Spline:
    m_IsOpenEnded: 0
    m_ControlPoints:
    - position: {x: 13.851871, y: 4.86791, z: 0}
      leftTangent: {x: 1.9011192, y: -1.9079165, z: 0}
      rightTangent: {x: -1.9011192, y: 1.9079165, z: 0}
      mode: 1
      height: 1
      bevelCutoff: 0
      bevelSize: 0
      spriteIndex: 0
      corner: 0
    - position: {x: 10.830843, y: 8.08703, z: 0}
      leftTangent: {x: 0.23084259, y: -0.32248688, z: -0}
      rightTangent: {x: -0.23084259, y: 0.32248688, z: 0}
      mode: 1
      height: 1
      bevelCutoff: 0
      bevelSize: 0
      spriteIndex: 0
      corner: 0
    - position: {x: 10.330755, y: 8.809175, z: 0}
      leftTangent: {x: 0.05484104, y: -0.22848701, z: 0}
      rightTangent: {x: -0.05484104, y: 0.22848701, z: 0}
      mode: 1
      height: 1
      bevelCutoff: 0
      bevelSize: 0
      spriteIndex: 0
      corner: 0
    - position: {x: 10.95194, y: 9.31795, z: 0}
      leftTangent: {x: 0.208848, y: -0.051641464, z: 0}
      rightTangent: {x: -0.208848, y: 0.051641464, z: 0}
      mode: 1
      height: 0.69
      bevelCutoff: 0
      bevelSize: 0
      spriteIndex: 0
      corner: 0
    - position: {x: 9.805252, y: 9.884709, z: 0}
      leftTangent: {x: 0.46707916, y: -0.7758293, z: -0}
      rightTangent: {x: -0.46707916, y: 0.7758293, z: 0}
      mode: 1
      height: 1
      bevelCutoff: 0
      bevelSize: 0
      spriteIndex: 0
      corner: 0
    - position: {x: 7.345634, y: 15.450505, z: 0}
      leftTangent: {x: 0.5725341, y: -0.8486929, z: 0}
      rightTangent: {x: -0.8976064, y: 1.3305588, z: 0}
      mode: 2
      height: 1
      bevelCutoff: 0
      bevelSize: 0
      spriteIndex: 0
      corner: 0
    - position: {x: -2.4924626, y: 21.246101, z: 0}
      leftTangent: {x: 4.7041826, y: -2.5984154, z: 0}
      rightTangent: {x: 0.3409729, y: 0.2865963, z: 0}
      mode: 2
      height: 1
      bevelCutoff: 0
      bevelSize: 0
      spriteIndex: 0
      corner: 0
    - position: {x: -0.74565494, y: 22.240038, z: 0}
      leftTangent: {x: -0.22425747, y: -0.03658867, z: 0}
      rightTangent: {x: 0.22425741, y: 0.03658867, z: 0}
      mode: 1
      height: 0.267
      bevelCutoff: 0
      bevelSize: 0
      spriteIndex: 0
      corner: 0
    - position: {x: -0.1540717, y: 22.046024, z: 0}
      leftTangent: {x: -0.3706143, y: 0.0111579895, z: 0}
      rightTangent: {x: 0.37061426, y: -0.0111579895, z: 0}
      mode: 1
      height: 1
      bevelCutoff: 0
      bevelSize: 0
      spriteIndex: 0
      corner: 0
    - position: {x: 0.45054007, y: 22.080935, z: 0}
      leftTangent: {x: -0.3563676, y: 0.060014725, z: 0}
      rightTangent: {x: 0.3563676, y: -0.060012817, z: 0}
      mode: 1
      height: 1
      bevelCutoff: 0
      bevelSize: 0
      spriteIndex: 0
      corner: 0
    - position: {x: 3.9836674, y: 20.214436, z: 0}
      leftTangent: {x: -2.26618, y: 1.2742138, z: 0}
      rightTangent: {x: 2.26618, y: -1.2742138, z: 0}
      mode: 1
      height: 0.67
      bevelCutoff: 0
      bevelSize: 0
      spriteIndex: 0
      corner: 1
    - position: {x: 8.368347, y: 17.83606, z: 0}
      leftTangent: {x: -1.1343994, y: 0.6052494, z: -0}
      rightTangent: {x: 1.1343994, y: -0.6052494, z: 0}
      mode: 1
      height: 1
      bevelCutoff: 0
      bevelSize: 0
      spriteIndex: 0
      corner: 0
    - position: {x: 9.752005, y: 16.94227, z: 0}
      leftTangent: {x: -0.24217796, y: 0.39943123, z: 0}
      rightTangent: {x: 0.24217892, y: -0.39942932, z: 0}
      mode: 1
      height: 0.623
      bevelCutoff: 0
      bevelSize: 0
      spriteIndex: 0
      corner: 0
    - position: {x: 10.324639, y: 15.081902, z: 0}
      leftTangent: {x: -0.29312515, y: 1.0359602, z: 0}
      rightTangent: {x: 0.2931242, y: -1.0359602, z: 0}
      mode: 1
      height: 1
      bevelCutoff: 0
      bevelSize: 0
      spriteIndex: 0
      corner: 0
    - position: {x: 11.295976, y: 11.857649, z: 0}
      leftTangent: {x: -0.4254551, y: 0.9379053, z: 0}
      rightTangent: {x: 0.4254551, y: -0.9379053, z: 0}
      mode: 1
      height: 1
      bevelCutoff: 0
      bevelSize: 0
      spriteIndex: 0
      corner: 0
    - position: {x: 12.764572, y: 9.785464, z: 0}
      leftTangent: {x: -0.71492004, y: 0.32048035, z: -0}
      rightTangent: {x: 0.71492004, y: -0.32048035, z: 0}
      mode: 1
      height: 0.569
      bevelCutoff: 0
      bevelSize: 0
      spriteIndex: 0
      corner: 0
    - position: {x: 13.716964, y: 9.868921, z: 0}
      leftTangent: {x: -0.48226166, y: -0.00669384, z: 0}
      rightTangent: {x: 0.4822607, y: 0.00669384, z: 0}
      mode: 1
      height: 0.796
      bevelCutoff: 0
      bevelSize: 0
      spriteIndex: 0
      corner: 0
    - position: {x: 14.518872, y: 9.474423, z: 0}
      leftTangent: {x: -0.49135017, y: 0.10220528, z: 0}
      rightTangent: {x: 0.49135017, y: -0.10220528, z: 0}
      mode: 1
      height: 1
      bevelCutoff: 0
      bevelSize: 0
      spriteIndex: 0
      corner: 0
    - position: {x: 15.586637, y: 9.054666, z: 0}
      leftTangent: {x: -0.34971046, y: 0.63747406, z: 0}
      rightTangent: {x: 0.34971046, y: -0.63747406, z: 0}
      mode: 1
      height: 0.622
      bevelCutoff: 0
      bevelSize: 0
      spriteIndex: 0
      corner: 0
    - position: {x: 19.344265, y: 6.249962, z: 0}
      leftTangent: {x: -1.9656487, y: 0.9696088, z: 0}
      rightTangent: {x: 1.9656487, y: -0.96960926, z: 0}
      mode: 1
      height: 1
      bevelCutoff: 0
      bevelSize: 0
      spriteIndex: 0
      corner: 0
    - position: {x: 27.9494, y: 4.494502, z: 0}
      leftTangent: {x: -1.1014805, y: -0.07999563, z: 0}
      rightTangent: {x: 1.1014805, y: 0.07999563, z: 0}
      mode: 1
      height: 0.554
      bevelCutoff: 0
      bevelSize: 0
      spriteIndex: 0
      corner: 0
    - position: {x: 31.119062, y: 3.9331253, z: 0}
      leftTangent: {x: -2.5776424, y: -0.102677345, z: 0}
      rightTangent: {x: 2.5776424, y: 0.10267711, z: 0}
      mode: 1
      height: 1
      bevelCutoff: 0
      bevelSize: 0
      spriteIndex: 0
      corner: 0
    - position: {x: 38.14638, y: 3.9569802, z: 0}
      leftTangent: {x: -1.7137642, y: 0.15416956, z: 0}
      rightTangent: {x: 2.3417397, y: -0.21066189, z: 0}
      mode: 2
      height: 1
      bevelCutoff: 0
      bevelSize: 0
      spriteIndex: 0
      corner: 0
    - position: {x: 40.625645, y: 4.398748, z: 0}
      leftTangent: {x: -0.77028656, y: -0.1415844, z: 0}
      rightTangent: {x: 0.7702904, y: 0.1415844, z: 0}
      mode: 1
      height: 1
      bevelCutoff: 0
      bevelSize: 0
      spriteIndex: 0
      corner: 0
    - position: {x: 44.399647, y: 4.733809, z: 0}
      leftTangent: {x: -2.0553856, y: -0.2594123, z: 0}
      rightTangent: {x: 2.0553894, y: 0.2594123, z: 0}
      mode: 1
      height: 1
      bevelCutoff: 0
      bevelSize: 0
      spriteIndex: 0
      corner: 0
    - position: {x: 51.536858, y: 7.1975904, z: 0}
      leftTangent: {x: -1.552887, y: -1.1251278, z: 0}
      rightTangent: {x: 1.5528908, y: 1.1251278, z: 0}
      mode: 1
      height: 1
      bevelCutoff: 0
      bevelSize: 0
      spriteIndex: 0
      corner: 0
    - position: {x: 53.756325, y: 9.3260145, z: 0}
      leftTangent: {x: -0.2918167, y: -0.40047932, z: 0}
      rightTangent: {x: 0.2918167, y: 0.40047932, z: 0}
      mode: 1
      height: 0.614
      bevelCutoff: 0
      bevelSize: 0
      spriteIndex: 0
      corner: 0
    - position: {x: 54.704704, y: 9.507858, z: 0}
      leftTangent: {x: -0.39126205, y: -0.1780405, z: 0}
      rightTangent: {x: 0.39126205, y: 0.1780405, z: 0}
      mode: 1
      height: 0.797
      bevelCutoff: 0
      bevelSize: 0
      spriteIndex: 0
      corner: 0
    - position: {x: 55.553135, y: 10.036713, z: 0}
      leftTangent: {x: -0.5113411, y: -0.091524124, z: 0}
      rightTangent: {x: 0.5113411, y: 0.091524124, z: 0}
      mode: 1
      height: 1
      bevelCutoff: 0
      bevelSize: 0
      spriteIndex: 0
      corner: 0
    - position: {x: 56.327785, y: 9.915789, z: 0}
      leftTangent: {x: -0.38277054, y: -0.18962765, z: 0}
      rightTangent: {x: 0.38277054, y: 0.1896286, z: 0}
      mode: 1
      height: 0.676
      bevelCutoff: 0
      bevelSize: 0
      spriteIndex: 0
      corner: 0
    - position: {x: 58.065994, y: 12.321344, z: 0}
      leftTangent: {x: -0.4445114, y: -1.6175747, z: 0}
      rightTangent: {x: 0.44451523, y: 1.6175737, z: 0}
      mode: 1
      height: 1
      bevelCutoff: 0
      bevelSize: 0
      spriteIndex: 0
      corner: 0
    - position: {x: 59.37896, y: 16.987007, z: 0}
      leftTangent: {x: -0.20127487, y: -0.41137505, z: 0}
      rightTangent: {x: 0.20127869, y: 0.41137505, z: 0}
      mode: 1
      height: 0.812
      bevelCutoff: 0
      bevelSize: 0
      spriteIndex: 0
      corner: 0
    - position: {x: 61.294113, y: 18.087334, z: 0}
      leftTangent: {x: -0.39621735, y: -0.23057938, z: 0}
      rightTangent: {x: 0.39622116, y: 0.23058128, z: 0}
      mode: 1
      height: 1
      bevelCutoff: 0
      bevelSize: 0
      spriteIndex: 0
      corner: 0
    - position: {x: 68.16823, y: 21.936731, z: 0}
      leftTangent: {x: -2.0057526, y: -1.2529831, z: 0}
      rightTangent: {x: 2.9744797, y: 1.8581524, z: 0}
      mode: 2
      height: 1
      bevelCutoff: 0
      bevelSize: 0
      spriteIndex: 0
      corner: 0
    - position: {x: 69.69916, y: 20.040617, z: 0}
      leftTangent: {x: 1.4623413, y: 0.7070923, z: 0}
      rightTangent: {x: -1.4623489, y: -0.7070904, z: 0}
      mode: 1
      height: 1
      bevelCutoff: 0
      bevelSize: 0
      spriteIndex: 0
      corner: 0
    - position: {x: 61.301414, y: 14.368655, z: 0}
      leftTangent: {x: 0.97485733, y: 2.0264559, z: 0}
      rightTangent: {x: -0.9748535, y: -2.0264559, z: 0}
      mode: 1
      height: 1.083
      bevelCutoff: 0
      bevelSize: 0
      spriteIndex: 0
      corner: 0
    - position: {x: 60.194542, y: 11.357277, z: 0}
      leftTangent: {x: 0.47585297, y: 1.2070408, z: 0}
      rightTangent: {x: -0.47585678, y: -1.2070408, z: 0}
      mode: 1
      height: 1
      bevelCutoff: 0
      bevelSize: 0
      spriteIndex: 0
      corner: 0
    - position: {x: 57.997623, y: 9.328817, z: 0}
      leftTangent: {x: 0.29074097, y: 0.33746147, z: 0}
      rightTangent: {x: -0.29073715, y: -0.33746052, z: 0}
      mode: 1
      height: 0.41
      bevelCutoff: 0
      bevelSize: 0
      spriteIndex: 0
      corner: 0
    - position: {x: 58.917442, y: 8.758443, z: 0}
      leftTangent: {x: -0.13168716, y: 0.36236954, z: 0}
      rightTangent: {x: 0.13169098, y: -0.36236954, z: 0}
      mode: 1
      height: 0.918
      bevelCutoff: 0
      bevelSize: 0
      spriteIndex: 0
      corner: 0
    - position: {x: 54.274048, y: 3.927434, z: 0}
      leftTangent: {x: 3.946621, y: 2.7312822, z: 0}
      rightTangent: {x: -3.9466248, y: -2.7312822, z: 0}
      mode: 1
      height: 1
      bevelCutoff: 0
      bevelSize: 0
      spriteIndex: 0
      corner: 0
    - position: {x: 40.77654, y: 0.2371118, z: 0}
      leftTangent: {x: 4.083435, y: -0.058337882, z: 0}
      rightTangent: {x: -4.083435, y: 0.058337897, z: 0}
      mode: 1
      height: 1
      bevelCutoff: 0
      bevelSize: 0
      spriteIndex: 0
      corner: 0
    - position: {x: 28.37813, y: 0.48158154, z: 0}
      leftTangent: {x: 3.9747372, y: 0.48684594, z: 0}
      rightTangent: {x: -4.031315, y: -0.49377716, z: 0}
      mode: 2
      height: 1
      bevelCutoff: 0
      bevelSize: 0
      spriteIndex: 0
      corner: 0
  m_SpriteShape: {fileID: 11400000, guid: ebc68c16326c2594caf2a932005c1d25, type: 2}
  m_SplineDetail: 16
  m_AdaptiveUV: 1
  m_UpdateCollider: 0
  m_ColliderDetail: 4
  m_ColliderOffset: 0
  m_ColliderCornerType: 0
--- !u!114 &114627862879193376
MonoBehaviour:
  m_ObjectHideFlags: 1
  m_CorrespondingSourceObject: {fileID: 0}
  m_PrefabInternal: {fileID: 100100000}
  m_GameObject: {fileID: 1427855404939746}
  m_Enabled: 1
  m_EditorHideFlags: 0
  m_Script: {fileID: 11500000, guid: 287d9d2dc9e144e2bd0fdea95ef23eb8, type: 3}
  m_Name: 
  m_EditorClassIdentifier: 
--- !u!1971053207 &8633865683650754998
SpriteShapeRenderer:
  m_ObjectHideFlags: 1
  m_CorrespondingSourceObject: {fileID: 0}
  m_PrefabInternal: {fileID: 100100000}
  m_GameObject: {fileID: 1427855404939746}
  m_Enabled: 1
  m_CastShadows: 1
  m_ReceiveShadows: 1
  m_DynamicOccludee: 0
  m_MotionVectors: 1
  m_LightProbeUsage: 1
  m_ReflectionProbeUsage: 1
  m_RenderingLayerMask: 4294967295
  m_Materials:
  - {fileID: 2100000, guid: d02e5f59426090a45b9feffc70230fda, type: 2}
  m_StaticBatchInfo:
    firstSubMesh: 0
    subMeshCount: 0
  m_StaticBatchRoot: {fileID: 0}
  m_ProbeAnchor: {fileID: 0}
  m_LightProbeVolumeOverride: {fileID: 0}
  m_ScaleInLightmap: 1
  m_PreserveUVs: 0
  m_IgnoreNormalsForChartDetection: 0
  m_ImportantGI: 0
  m_StitchLightmapSeams: 0
  m_SelectedEditorRenderState: 0
  m_MinimumChartSize: 4
  m_AutoUVMaxDistance: 0.5
  m_AutoUVMaxAngle: 89
  m_LightmapParameters: {fileID: 0}
  m_SortingLayerID: 1173341143
  m_SortingLayer: 1
  m_SortingOrder: 5
  m_Color: {r: 1, g: 1, b: 1, a: 1}
  m_MaskInteraction: 0
  m_ShapeTexture: {fileID: 0}
  m_Sprites:
  - {fileID: 21300000, guid: 61d9170e2382e87449c6cb1d6e3a5377, type: 3}
  - {fileID: 0}
  - {fileID: 0}
  - {fileID: 0}
  - {fileID: 0}
  - {fileID: 0}
  - {fileID: 0}
  - {fileID: 0}
  - {fileID: 0}
  m_LocalAABB:
    m_Center: {x: 34.205627, y: 11.377583, z: 0}
    m_Extent: {x: 37.112617, y: 11.810238, z: 0}
